Time,BestBid,BidVol,BestAsk,AskVol,Price,Volume
1687039867000.0,26543.2,16.141,26543.3,4.748,26543.3,0.782
1687039867100.0,26543.2,16.363,26543.3,4.84,26543.3,0.782
1687039867200.0,26543.2,16.38,26543.3,5.912,26543.2,0.8
1687039867300.0,26543.2,15.78,26543.3,5.916,26543.2,0.8
1687039867400.0,26543.2,16.377,26543.3,5.87,26543.3,0.802
1687039867500.0,26543.2,16.376,26543.3,5.857,26543.3,0.848
1687039867600.0,26543.2,16.374,26543.3,5.885,26543.3,0.848
1687039867700.0,26543.2,16.306,26543.3,5.885,26543.3,0.848
1687039867800.0,26543.2,15.966,26543.3,5.985,26543.3,0.848
1687039867900.0,26543.2,15.966,26543.3,5.885,26543.3,0.848
1687039868000.0,26543.2,15.966,26543.3,5.98,26543.3,0.848
1687039868100.0,26543.2,15.616,26543.3,6.428,26543.3,0.848
1687039868200.0,26543.2,15.743,26543.3,5.869,26543.3,1.421
1687039868300.0,26543.2,15.645,26543.3,5.88,26543.3,1.421
1687039868400.0,26543.2,15.984,26543.3,5.932,26543.3,1.421
1687039868500.0,26543.2,14.547,26543.3,5.932,26543.3,1.421
1687039868600.0,26543.2,16.101,26543.3,5.927,26543.3,1.427
1687039868700.0,26543.2,15.996,26543.3,6.416,26543.2,1.464
1687039868800.0,26543.2,15.651,26543.3,6.849,26543.3,1.475
1687039868900.0,26543.2,15.643,26543.3,6.847,26543.3,1.475
1687039869000.0,26543.2,15.656,26543.3,7.487,26543.3,1.477
1687039869100.0,26543.2,16.006,26543.3,6.048,26543.2,1.478
1687039869200.0,26543.2,16.006,26543.3,5.759,26543.3,3.795
1687039869300.0,26543.2,16.136,26543.3,5.766,26543.3,3.795
1687039869400.0,26543.2,16.493,26543.3,5.715,26543.3,3.852
1687039869500.0,26543.2,16.533,26543.3,5.903,26543.3,3.852
1687039869600.0,26543.2,16.533,26543.3,5.877,26543.2,3.893
1687039869700.0,26543.2,16.533,26543.3,5.875,26543.2,3.893
1687039869800.0,26543.2,16.533,26543.3,5.875,26543.3,3.921
1687039869900.0,26543.2,15.989,26543.3,6.008,26543.2,3.937
1687039870000.0,26543.2,15.989,26543.3,6.006,26543.3,3.939
1687039870100.0,26543.2,15.989,26543.3,6.001,26543.3,3.939
1687039870200.0,26543.2,16.426,26543.3,6.019,26543.3,3.939
1687039870300.0,26543.2,17.069,26543.3,5.799,26543.2,4.173
1687039870400.0,26543.2,17.041,26543.3,5.749,26543.3,4.217
1687039870500.0,26543.2,17.151,26543.3,5.827,26543.3,4.217
1687039870600.0,26543.2,17.151,26543.3,5.783,26543.3,4.266
1687039870700.0,26543.2,17.276,26543.3,5.798,26543.3,4.266
1687039870800.0,26543.2,17.276,26543.3,6.441,26543.2,4.282
1687039870900.0,26543.2,17.276,26543.3,6.446,26543.2,4.282
1687039871000.0,26543.2,17.276,26543.3,6.441,26543.2,4.282
1687039871100.0,26543.2,17.652,26543.3,6.621,26543.2,4.282
1687039871200.0,26543.2,17.61,26543.3,6.626,26543.2,4.282
1687039871300.0,26543.2,16.904,26543.3,6.535,26543.2,4.282
1687039871400.0,26543.2,16.905,26543.3,6.696,26543.2,4.498
1687039871500.0,26543.2,17.313,26543.3,4.823,26543.2,4.498
1687039871600.0,26543.2,17.313,26543.3,5.006,26543.3,6.027
1687039871700.0,26543.2,17.336,26543.3,6.009,26543.3,6.027
1687039871800.0,26543.2,17.433,26543.3,5.986,26543.3,6.098
1687039871900.0,26543.2,17.433,26543.3,6.086,26543.3,6.098
1687039872000.0,26543.2,17.433,26543.3,6.091,26543.3,6.098
1687039872100.0,26543.2,17.365,26543.3,6.092,26543.3,6.098
1687039872200.0,26543.2,16.912,26543.3,6.125,26543.3,6.098
1687039872300.0,26543.2,16.895,26543.3,6.125,26543.3,6.098
1687039872400.0,26543.2,16.957,26543.3,6.125,26543.3,6.098
1687039872500.0,26543.2,16.957,26543.3,6.119,26543.3,6.098
1687039872600.0,26543.2,17.365,26543.3,5.858,26543.3,6.098
1687039872700.0,26543.2,17.365,26543.3,6.22,26543.3,6.103
1687039872800.0,26543.2,17.365,26543.3,6.219,26543.3,6.103
1687039872900.0,26543.2,17.366,26543.3,6.224,26543.3,6.103
1687039873000.0,26543.2,17.026,26543.3,6.083,26543.3,6.103
1687039873100.0,26543.2,16.959,26543.3,6.345,26543.3,6.103
1687039873200.0,26543.2,16.954,26543.3,6.464,26543.3,6.103
1687039873300.0,26545.5,10.695,26545.6,0.902,26545.4,20.485
1687039873400.0,26544.2,3.119,26544.3,18.577,26544.4,31.161
1687039873500.0,26543.5,0.291,26543.6,16.816,26543.7,33.347
1687039873600.0,26543.5,2.441,26543.6,18.698,26543.6,34.449
1687039873700.0,26543.5,3.433,26543.6,15.594,26543.6,34.449
1687039873800.0,26543.5,3.449,26543.6,15.594,26543.6,34.449
1687039873900.0,26543.5,3.452,26543.6,15.594,26543.6,34.449
1687039874000.0,26543.5,3.457,26543.6,15.434,26543.6,34.589
1687039874100.0,26543.5,3.833,26543.6,15.433,26543.6,34.589
1687039874200.0,26543.5,3.856,26543.6,15.243,26543.6,34.589
1687039874300.0,26543.5,3.303,26543.6,15.244,26543.6,34.589
1687039874400.0,26543.5,3.865,26543.6,15.535,26543.6,34.789
1687039874500.0,26543.5,3.625,26543.6,15.664,26543.6,34.791
1687039874600.0,26543.5,3.625,26543.6,15.814,26543.6,34.791
1687039874700.0,26543.5,3.616,26543.6,15.814,26543.6,34.798
1687039874800.0,26543.5,5.231,26543.6,15.793,26543.5,34.885
1687039874900.0,26543.5,5.231,26543.6,15.791,26543.5,34.885
1687039875000.0,26543.5,5.233,26543.6,15.791,26543.5,34.885
1687039875100.0,26543.5,5.233,26543.6,15.791,26543.5,34.885
1687039875200.0,26543.5,5.116,26543.6,15.791,26543.5,34.885
1687039875300.0,26543.5,5.435,26543.6,15.772,26543.5,34.885
1687039875400.0,26543.5,5.435,26543.6,15.784,26543.5,34.885
1687039875500.0,26543.5,5.433,26543.6,15.784,26543.5,34.885
1687039875600.0,26543.5,5.219,26543.6,15.917,26543.6,34.983
1687039875700.0,26543.5,5.423,26543.6,15.911,26543.6,34.989
1687039875800.0,26543.5,5.056,26543.6,15.93,26543.5,35.164
1687039875900.0,26543.5,5.055,26543.6,15.888,26543.5,35.164
1687039876000.0,26543.5,5.056,26543.6,15.731,26543.6,35.206
1687039876100.0,26543.5,5.056,26543.6,15.781,26543.6,35.206
1687039876200.0,26543.5,5.066,26543.6,15.792,26543.6,35.206
1687039876300.0,26543.5,5.057,26543.6,15.959,26543.6,35.206
1687039876400.0,26543.5,5.045,26543.6,16.04,26543.6,35.206
1687039876500.0,26543.5,5.08,26543.6,15.883,26543.6,35.206
1687039876600.0,26543.5,5.08,26543.6,15.876,26543.6,35.213
1687039876700.0,26543.5,10.025,26543.6,15.876,26543.6,35.213
1687039876800.0,26543.5,10.383,26543.6,15.876,26543.6,35.213
1687039876900.0,26543.5,10.384,26543.6,15.856,26543.6,35.213
1687039877000.0,26543.5,10.384,26543.6,15.796,26543.6,35.213
1687039877100.0,26543.5,10.383,26543.6,15.806,26543.6,35.213
1687039877200.0,26543.5,10.384,26543.6,15.818,26543.6,35.213
1687039877300.0,26543.5,10.383,26543.6,15.818,26543.6,35.213
1687039877400.0,26543.5,10.382,26543.6,15.818,26543.6,35.213
1687039877500.0,26543.5,10.383,26543.6,15.818,26543.6,35.213
1687039877600.0,26543.5,10.383,26543.6,15.818,26543.5,35.214
1687039877700.0,26543.5,10.91,26543.6,15.818,26543.5,35.214
1687039877800.0,26543.5,10.916,26543.6,15.818,26543.5,35.214
1687039877900.0,26543.5,10.91,26543.6,15.818,26543.5,35.214
1687039878000.0,26543.5,10.911,26543.6,15.821,26543.5,35.214
1687039878100.0,26543.5,11.292,26543.6,15.862,26543.5,35.214
1687039878200.0,26543.5,11.294,26543.6,15.393,26543.5,35.214
1687039878300.0,26543.5,10.811,26543.6,15.493,26543.5,35.214
1687039878400.0,26543.5,10.807,26543.6,15.488,26543.6,35.219
1687039878500.0,26543.5,10.812,26543.6,15.445,26543.6,35.262
1687039878600.0,26543.5,10.812,26543.6,15.426,26543.6,35.262
1687039878700.0,26543.5,10.812,26543.6,15.503,26543.6,35.262
1687039878800.0,26543.5,10.165,26543.6,15.503,26543.5,35.925
1687039878900.0,26543.5,10.165,26543.6,14.688,26543.5,35.925
1687039879000.0,26543.5,10.165,26543.6,14.739,26543.5,35.925
1687039879100.0,26543.5,10.169,26543.6,14.779,26543.5,35.925
1687039879200.0,26543.5,10.054,26543.6,13.834,26543.6,36.74
1687039879300.0,26543.5,10.177,26543.6,13.835,26543.6,36.74
1687039879400.0,26543.5,9.643,26543.6,13.825,26543.6,36.741
1687039879500.0,26543.5,10.178,26543.6,13.825,26543.6,36.741
1687039879600.0,26543.5,10.174,26543.6,13.825,26543.6,36.741
1687039879700.0,26543.5,10.175,26543.6,13.825,26543.6,36.741
1687039879800.0,26543.5,10.18,26543.6,13.825,26543.6,36.741
1687039879900.0,26543.5,10.179,26543.6,13.825,26543.6,36.741
1687039880000.0,26543.5,11.686,26543.6,13.825,26543.6,36.741
1687039880100.0,26543.5,13.189,26543.6,13.855,26543.6,36.741
1687039880200.0,26543.5,13.86,26543.6,13.466,26543.6,36.741
1687039880300.0,26543.5,14.553,26543.6,13.195,26543.6,36.741
1687039880400.0,26543.5,18.368,26543.6,12.072,26543.6,36.741
1687039880500.0,26543.5,18.444,26543.6,12.086,26543.6,36.741
1687039880600.0,26543.5,18.444,26543.6,11.929,26543.6,36.741
1687039880700.0,26543.5,20.628,26543.6,4.982,26543.5,36.791
1687039880800.0,26544.9,17.756,26545.0,0.216,26544.9,49.137
1687039880900.0,26545.7,20.733,26545.8,0.227,26545.8,50.089
1687039881000.0,26546.2,13.927,26546.3,0.114,26546.3,50.985
1687039881100.0,26547.1,15.844,26547.3,0.027,26547.1,53.277
1687039881200.0,26547.2,44.959,26547.3,0.004,26547.2,54.336
1687039881300.0,26547.4,24.616,26547.5,0.115,26547.3,54.366
1687039881400.0,26547.4,31.31,26547.5,0.125,26547.4,54.389
1687039881500.0,26547.4,30.596,26547.5,0.125,26547.5,54.44
1687039881600.0,26547.4,31.22,26547.5,0.086,26547.4,54.492
1687039881700.0,26547.4,30.207,26547.5,1.162,26547.5,54.531
1687039881800.0,26547.4,30.468,26547.5,0.087,26547.5,54.531
1687039881900.0,26547.5,30.202,26547.6,0.116,26547.5,54.618
1687039882000.0,26547.5,30.429,26547.6,0.116,26547.5,54.621
1687039882100.0,26552.1,5.554,26552.2,2.368,26551.9,100.856
1687039882200.0,26552.1,15.879,26552.2,5.22,26552.2,100.979
1687039882300.0,26552.1,17.695,26552.2,4.0,26552.1,100.989
1687039882400.0,26552.1,18.438,26552.2,3.994,26552.1,100.989
1687039882500.0,26552.1,18.558,26552.2,3.996,26552.1,102.36
1687039882600.0,26552.1,18.558,26552.2,4.011,26552.2,102.365
1687039882700.0,26552.1,18.788,26552.2,4.021,26552.2,102.365
1687039882800.0,26553.9,9.072,26554.0,2.347,26553.9,111.932
1687039882900.0,26558.3,0.876,26558.4,0.065,26558.3,148.996
1687039883000.0,26558.3,17.493,26558.4,7.525,26558.3,148.996
1687039883100.0,26571.2,1.426,26571.3,0.011,26567.3,473.798
1687039883200.0,26574.0,2.107,26574.1,0.037,26573.9,481.706
1687039883300.0,26576.7,12.071,26576.8,4.288,26576.8,490.645
1687039883400.0,26577.8,6.201,26577.9,0.352,26583.0,549.932
1687039883500.0,26583.5,2.126,26583.6,0.778,26583.5,559.138
1687039883600.0,26580.9,0.045,26581.4,2.534,26581.2,593.057
1687039883700.0,26580.6,3.061,26580.7,4.968,26580.7,602.535
1687039883800.0,26578.2,0.815,26578.5,0.523,26578.3,635.05
1687039883900.0,26577.9,1.106,26578.0,1.324,26578.0,640.338
1687039884000.0,26577.8,0.428,26577.9,9.552,26577.9,642.781
1687039884100.0,26584.5,0.067,26584.6,0.317,26583.6,856.038
1687039884200.0,26584.5,1.692,26584.6,2.5,26584.5,871.789
1687039884300.0,26583.7,1.713,26583.9,5.986,26583.7,883.899
1687039884400.0,26580.9,0.117,26581.0,4.332,26580.9,921.022
1687039884500.0,26579.4,2.042,26579.5,0.767,26579.4,927.101
1687039884600.0,26576.5,0.216,26576.6,4.896,26576.5,949.531
1687039884700.0,26576.4,0.727,26576.5,3.767,26576.4,952.024
1687039884800.0,26575.3,8.424,26575.4,0.43,26575.4,1007.36
1687039884900.0,26576.4,4.627,26576.5,6.945,26576.5,1015.761
1687039885000.0,26576.4,0.192,26576.5,9.67,26576.4,1020.826
1687039885100.0,26584.5,0.899,26584.6,0.147,26584.5,1156.113
1687039885200.0,26584.7,5.649,26584.8,8.621,26584.8,1157.119
1687039885300.0,26584.7,15.192,26584.8,3.071,26584.7,1162.873
1687039885400.0,26581.2,0.061,26581.4,0.05,26581.4,1186.397
1687039885500.0,26579.9,1.403,26580.0,7.568,26579.9,1203.695
1687039885600.0,26579.9,1.328,26580.0,7.836,26580.0,1205.067
1687039885700.0,26576.3,0.041,26576.4,1.072,26576.4,1219.119
1687039885800.0,26576.3,1.591,26576.4,9.252,26576.4,1220.037
1687039885900.0,26576.3,1.74,26576.4,6.307,26576.3,1221.801
1687039886000.0,26576.3,4.67,26576.4,3.47,26576.4,1224.709
1687039886100.0,26576.3,6.414,26576.4,0.629,26576.4,1228.068
1687039886200.0,26578.2,12.606,26578.3,0.84,26578.2,1229.638
1687039886300.0,26578.8,14.887,26578.9,2.306,26578.8,1231.339
1687039886400.0,26578.8,11.238,26578.9,1.375,26578.9,1231.846
1687039886500.0,26578.8,6.87,26578.9,2.732,26578.9,1233.274
1687039886600.0,26578.8,6.212,26578.9,5.432,26578.8,1236.045
1687039886700.0,26578.8,6.202,26578.9,5.715,26578.8,1236.045
1687039886800.0,26578.8,6.2,26578.9,6.091,26578.8,1236.058
1687039886900.0,26578.8,1.637,26578.9,5.402,26578.8,1236.058
1687039887000.0,26578.8,2.314,26578.9,4.666,26578.8,1237.422
1687039887100.0,26578.8,3.037,26578.9,4.456,26578.8,1237.591
1687039887200.0,26578.8,7.243,26578.9,4.632,26578.9,1237.607
1687039887300.0,26578.8,4.617,26578.9,4.875,26578.9,1237.607
1687039887400.0,26578.8,4.485,26578.9,5.201,26578.8,1239.794
1687039887500.0,26578.8,4.184,26578.9,5.915,26578.9,1240.062
1687039887600.0,26578.8,7.024,26578.9,6.132,26578.9,1240.062
1687039887700.0,26578.8,7.024,26578.9,7.515,26578.8,1240.233
1687039887800.0,26578.8,8.329,26578.9,7.232,26578.8,1240.521
1687039887900.0,26578.8,5.323,26578.9,8.486,26578.9,1240.593
1687039888000.0,26578.8,2.408,26578.9,9.648,26578.9,1240.593
1687039888100.0,26578.8,1.125,26578.9,8.361,26578.9,1246.514
1687039888200.0,26576.0,1.555,26576.1,8.262,26576.0,1260.726
1687039888300.0,26575.6,2.365,26575.7,11.738,26575.7,1263.892
1687039888400.0,26571.4,4.084,26571.5,2.858,26571.4,1297.914
1687039888500.0,26563.5,0.516,26563.6,0.073,26563.0,1357.525
1687039888600.0,26560.3,1.531,26560.4,0.447,26560.4,1381.901
1687039888700.0,26562.3,1.53,26562.4,0.243,26562.2,1389.557
1687039888800.0,26562.3,6.061,26562.4,1.491,26562.2,1389.557
1687039888900.0,26562.3,10.299,26562.4,4.703,26562.3,1389.6
1687039889000.0,26562.3,7.24,26562.4,4.368,26562.4,1389.664
1687039889100.0,26561.3,1.514,26561.4,6.294,26561.4,1397.979
1687039889200.0,26561.3,2.818,26561.4,6.577,26561.3,1400.135
1687039889300.0,26561.3,4.48,26561.4,7.199,26561.4,1400.222
1687039889400.0,26561.3,4.48,26561.4,7.164,26561.3,1400.24
1687039889500.0,26561.3,4.488,26561.4,5.39,26561.4,1400.978
1687039889600.0,26554.8,3.432,26554.9,2.194,26554.8,1467.677
1687039889700.0,26558.6,5.715,26558.7,2.741,26558.6,1476.033
1687039889800.0,26558.6,7.979,26558.7,3.493,26558.7,1476.086
1687039889900.0,26558.6,9.892,26558.7,4.243,26558.6,1476.488
1687039890000.0,26558.6,9.995,26558.7,4.5,26558.7,1476.499
1687039890100.0,26558.6,9.991,26558.7,4.655,26558.6,1476.509
1687039890200.0,26558.6,9.895,26558.7,4.653,26558.7,1476.97
1687039890300.0,26558.6,9.529,26558.7,4.775,26558.6,1476.976
1687039890400.0,26558.6,10.309,26558.7,4.749,26558.7,1477.363
1687039890500.0,26558.6,10.738,26558.7,2.683,26558.6,1478.121
1687039890600.0,26558.6,11.041,26558.7,2.651,26558.7,1478.252
1687039890700.0,26558.6,10.737,26558.7,3.05,26558.7,1478.287
1687039890800.0,26558.6,10.925,26558.7,2.018,26558.6,1478.552
1687039890900.0,26558.6,11.289,26558.7,1.698,26558.7,1478.9
1687039891000.0,26558.6,11.245,26558.7,1.675,26558.7,1479.133
1687039891100.0,26558.6,13.273,26558.7,1.333,26558.7,1479.133
1687039891200.0,26558.6,13.177,26558.7,1.851,26558.7,1479.198
1687039891300.0,26558.6,13.142,26558.7,3.195,26558.7,1479.2
1687039891400.0,26558.6,11.411,26558.7,2.946,26558.6,1481.192
1687039891500.0,26558.6,11.59,26558.7,2.955,26558.7,1481.474
1687039891600.0,26558.6,11.688,26558.7,2.085,26558.6,1481.794
1687039891700.0,26560.0,18.074,26560.1,0.057,26560.0,1484.028
1687039891800.0,26562.8,8.807,26562.9,0.646,26562.7,1491.052
1687039891900.0,26564.0,11.913,26564.1,0.019,26564.0,1491.965
1687039892000.0,26565.5,16.245,26565.6,0.916,26565.4,1492.184
1687039892100.0,26565.5,18.8,26565.6,2.136,26565.6,1492.379
1687039892200.0,26565.5,15.337,26565.6,2.984,26565.6,1492.932
1687039892300.0,26565.5,14.781,26565.6,3.006,26565.5,1493.382
1687039892400.0,26567.3,0.421,26567.4,11.038,26567.3,1503.063
1687039892500.0,26567.3,0.706,26567.4,12.247,26567.4,1503.075
1687039892600.0,26565.6,0.056,26565.7,1.113,26565.7,1504.414
1687039892700.0,26565.2,0.143,26565.3,13.804,26565.3,1504.495
1687039892800.0,26565.2,0.331,26565.3,14.373,26565.3,1504.496
1687039892900.0,26565.2,0.519,26565.3,15.558,26565.3,1504.496
1687039893000.0,26565.2,0.531,26565.3,16.523,26565.3,1504.496
1687039893100.0,26564.2,0.281,26564.3,39.887,26564.3,1505.172
1687039893200.0,26564.2,0.259,26564.3,25.594,26564.3,1505.313
1687039893300.0,26564.2,0.261,26564.3,25.093,26564.2,1505.332
1687039893400.0,26564.2,0.105,26564.3,22.912,26564.3,1507.381
1687039893500.0,26564.2,0.293,26564.3,13.43,26564.3,1507.638
1687039893600.0,26564.2,0.331,26564.3,13.348,26564.3,1507.638
1687039893700.0,26562.0,0.011,26562.1,9.88,26562.0,1509.078
1687039893800.0,26562.0,0.031,26562.1,7.743,26562.0,1509.078
1687039893900.0,26562.0,1.616,26562.1,8.751,26562.1,1509.08
1687039894000.0,26565.1,5.319,26565.2,3.519,26565.2,1531.787
1687039894100.0,26565.1,6.21,26565.2,3.543,26565.2,1532.012
1687039894200.0,26565.1,6.344,26565.2,2.626,26565.2,1532.563
1687039894300.0,26565.1,6.552,26565.2,5.204,26565.2,1532.563
1687039894400.0,26565.1,6.603,26565.2,5.217,26565.1,1532.582
1687039894500.0,26565.1,6.603,26565.2,5.318,26565.1,1539.185
1687039894600.0,26560.2,6.842,26560.3,1.387,26560.2,1553.59
1687039894700.0,26559.4,4.448,26559.5,10.158,26559.4,1564.759
1687039894800.0,26559.4,4.448,26559.5,10.016,26559.4,1564.759
1687039894900.0,26559.4,5.638,26559.5,10.226,26559.5,1564.875
1687039895000.0,26559.4,6.766,26559.5,10.48,26559.5,1564.878
1687039895100.0,26559.4,4.189,26559.5,7.12,26559.4,1568.551
1687039895200.0,26559.4,11.065,26559.5,7.046,26559.4,1568.551
1687039895300.0,26559.5,15.772,26559.6,0.009,26559.5,1568.573
1687039895400.0,26562.1,19.768,26562.2,1.357,26562.0,1572.55
1687039895500.0,26562.1,20.778,26562.2,0.05,26562.0,1572.55
1687039895600.0,26562.1,20.464,26562.2,1.428,26562.1,1572.637
1687039895700.0,26562.1,20.465,26562.2,1.428,26562.1,1572.637
1687039895800.0,26562.1,20.473,26562.2,1.051,26562.1,1572.637
1687039895900.0,26562.1,20.518,26562.2,0.288,26562.1,1572.637
1687039896000.0,26562.1,20.465,26562.2,0.927,26562.2,1573.016
1687039896100.0,26562.1,20.348,26562.2,0.987,26562.2,1573.178
1687039896200.0,26562.8,13.379,26562.9,0.104,26562.7,1573.38
1687039896300.0,26562.8,11.044,26562.9,0.148,26562.8,1573.385
1687039896400.0,26562.8,10.659,26562.9,0.199,26562.8,1573.657
1687039896500.0,26562.8,13.534,26562.9,0.197,26562.8,1573.916
1687039896600.0,26562.8,13.733,26562.9,0.29,26562.9,1573.918
1687039896700.0,26562.8,13.757,26562.9,0.29,26562.9,1573.918
1687039896800.0,26565.0,7.114,26565.1,0.414,26565.0,1575.092
1687039896900.0,26565.0,10.74,26565.1,0.537,26565.1,1575.482
1687039897000.0,26565.0,9.534,26565.1,0.542,26565.0,1575.5
1687039897100.0,26565.0,9.359,26565.1,0.774,26565.1,1575.507
1687039897200.0,26565.0,9.409,26565.1,0.505,26565.1,1575.564
1687039897300.0,26565.0,9.315,26565.1,0.495,26565.1,1575.574
1687039897400.0,26565.0,9.27,26565.1,0.692,26565.0,1575.579
1687039897500.0,26565.0,9.392,26565.1,0.673,26565.0,1575.579
1687039897600.0,26565.0,9.386,26565.1,2.03,26565.1,1575.598
1687039897700.0,26565.0,9.387,26565.1,2.03,26565.1,1575.598
1687039897800.0,26565.0,9.393,26565.1,2.03,26565.1,1575.598
1687039897900.0,26565.0,9.371,26565.1,1.979,26565.0,1575.621
1687039898000.0,26565.0,9.371,26565.1,3.155,26565.1,1575.777
1687039898100.0,26565.0,9.461,26565.1,3.451,26565.1,1575.777
1687039898200.0,26565.0,9.456,26565.1,3.45,26565.1,1575.844
1687039898300.0,26565.0,8.977,26565.1,1.488,26565.1,1576.314
1687039898400.0,26565.0,9.099,26565.1,1.946,26565.1,1576.314
1687039898500.0,26565.0,8.975,26565.1,1.817,26565.0,1577.2
1687039898600.0,26565.0,8.975,26565.1,1.817,26565.1,1577.202
1687039898700.0,26565.0,8.987,26565.1,1.936,26565.1,1577.202
1687039898800.0,26565.0,9.033,26565.1,1.936,26565.1,1577.202
1687039898900.0,26567.2,0.016,26567.3,10.786,26567.3,1586.607
1687039899000.0,26566.7,0.39,26566.8,15.776,26566.9,1586.661
1687039899100.0,26566.7,0.617,26566.8,18.836,26566.7,1586.773
1687039899200.0,26566.7,0.643,26566.8,19.095,26566.7,1586.773
1687039899300.0,26566.7,0.669,26566.8,18.808,26566.8,1586.917
1687039899400.0,26566.7,0.681,26566.8,18.808,26566.8,1586.917
1687039899500.0,26566.7,0.681,26566.8,18.808,26566.8,1587.204
1687039899600.0,26566.7,3.099,26566.8,18.714,26566.8,1587.298
1687039899700.0,26566.7,3.102,26566.8,18.714,26566.8,1587.298
1687039899800.0,26566.7,3.115,26566.8,18.723,26566.8,1587.298
1687039899900.0,26566.7,2.997,26566.8,15.389,26566.8,1587.498
1687039900000.0,26566.7,2.887,26566.8,15.384,26566.7,1587.616
1687039900100.0,26566.7,2.895,26566.8,15.384,26566.7,1587.616
1687039900200.0,26566.7,1.767,26566.8,14.366,26566.8,1587.621
1687039900300.0,26566.7,2.251,26566.8,14.437,26566.8,1587.623
1687039900400.0,26566.7,2.802,26566.8,14.429,26566.8,1587.642
1687039900500.0,26566.7,2.802,26566.8,15.546,26566.7,1587.743
1687039900600.0,26566.7,2.752,26566.8,15.545,26566.8,1587.796
1687039900700.0,26566.7,2.752,26566.8,15.553,26566.8,1587.796
1687039900800.0,26566.7,2.748,26566.8,15.524,26566.8,1587.825
1687039900900.0,26566.7,2.75,26566.8,15.524,26566.7,1587.829
1687039901000.0,26566.7,0.406,26566.8,15.502,26566.8,1588.251
1687039901100.0,26566.7,1.011,26566.8,15.71,26566.7,1590.305
1687039901200.0,26566.7,1.207,26566.8,15.954,26566.8,1590.777
1687039901300.0,26566.6,0.03,26566.7,8.183,26566.6,1602.453
1687039901400.0,26566.6,0.235,26566.7,8.008,26566.7,1602.852
1687039901500.0,26566.6,0.227,26566.7,9.148,26566.7,1603.02
1687039901600.0,26566.6,0.228,26566.7,9.57,26566.7,1603.02
1687039901700.0,26566.6,0.232,26566.7,9.563,26566.7,1603.06
1687039901800.0,26565.0,1.312,26565.1,13.28,26565.2,1604.568
1687039901900.0,26565.0,1.842,26565.1,13.257,26565.1,1604.667
1687039902000.0,26565.0,0.754,26565.1,13.515,26565.1,1604.667
1687039902100.0,26565.0,0.755,26565.1,14.083,26565.0,1604.926
1687039902200.0,26565.0,0.758,26565.1,14.083,26565.0,1604.995
1687039902300.0,26565.0,1.039,26565.1,14.089,26565.1,1604.996
1687039902400.0,26565.0,1.038,26565.1,15.735,26565.1,1604.996
1687039902500.0,26564.8,0.006,26564.9,23.91,26564.9,1606.074
1687039902600.0,26563.8,0.007,26563.9,9.71,26564.0,1606.363
1687039902700.0,26563.3,0.001,26563.4,19.082,26563.4,1606.429
1687039902800.0,26563.2,0.024,26563.3,22.133,26563.4,1606.432
1687039902900.0,26563.2,0.025,26563.3,22.321,26563.3,1606.433
1687039903000.0,26563.2,0.025,26563.3,22.824,26563.3,1606.433
1687039903100.0,26563.2,0.034,26563.3,22.792,26563.3,1606.546
1687039903200.0,26563.2,0.038,26563.3,22.802,26563.3,1606.688
1687039903300.0,26563.2,0.079,26563.3,22.698,26563.3,1606.688
1687039903400.0,26563.2,0.121,26563.3,22.7,26563.3,1606.792
1687039903500.0,26563.2,0.125,26563.3,23.664,26563.3,1606.792
1687039903600.0,26563.2,0.125,26563.3,23.57,26563.3,1606.792
1687039903700.0,26563.2,0.129,26563.3,23.57,26563.3,1606.888
1687039903800.0,26562.9,1.173,26563.0,26.434,26563.0,1607.025
1687039903900.0,26562.9,1.215,26563.0,26.446,26562.9,1607.942
1687039904000.0,26562.9,1.576,26563.0,26.978,26562.9,1607.964
1687039904100.0,26562.9,1.585,26563.0,30.801,26563.0,1608.169
1687039904200.0,26562.9,1.117,26563.0,30.803,26563.0,1608.169
1687039904300.0,26560.8,1.779,26560.9,11.16,26561.1,1610.279
1687039904400.0,26560.8,1.782,26560.9,12.103,26561.0,1610.604
1687039904500.0,26560.8,3.14,26560.9,14.938,26561.0,1610.604
1687039904600.0,26560.8,3.14,26560.9,14.938,26560.9,1610.854
1687039904700.0,26560.8,3.14,26560.9,14.954,26560.9,1610.854
1687039904800.0,26560.8,3.14,26560.9,14.954,26560.8,1610.864
1687039904900.0,26560.8,3.135,26560.9,14.954,26560.8,1610.864
1687039905000.0,26560.8,3.139,26560.9,14.954,26560.8,1610.864
1687039905100.0,26560.8,3.644,26560.9,14.959,26560.8,1610.864
1687039905200.0,26560.8,5.506,26560.9,11.924,26560.8,1610.869
1687039905300.0,26560.8,10.717,26560.9,4.41,26560.8,1610.869
1687039905400.0,26560.8,5.88,26560.9,4.425,26560.9,1611.206
1687039905500.0,26560.8,5.735,26560.9,4.428,26560.9,1611.215
1687039905600.0,26560.8,4.04,26560.9,4.734,26560.9,1611.215
1687039905700.0,26560.8,4.069,26560.9,4.909,26560.8,1611.414
1687039905800.0,26560.8,4.454,26560.9,4.909,26560.8,1611.414
1687039905900.0,26560.8,4.373,26560.9,4.9,26560.8,1611.601
1687039906000.0,26560.8,4.373,26560.9,4.9,26560.9,1611.604
1687039906100.0,26560.8,4.311,26560.9,4.92,26560.9,1611.604
1687039906200.0,26560.8,4.311,26560.9,4.957,26560.9,1611.604
1687039906300.0,26560.8,4.838,26560.9,5.024,26560.9,1611.604
1687039906400.0,26560.8,4.839,26560.9,4.974,26560.8,1611.704
1687039906500.0,26560.8,4.839,26560.9,5.067,26560.9,1611.725
1687039906600.0,26560.8,4.592,26560.9,4.982,26560.8,1612.018
1687039906700.0,26560.8,4.554,26560.9,4.982,26560.8,1612.018
1687039906800.0,26560.8,4.495,26560.9,4.982,26560.8,1612.018
1687039906900.0,26560.8,4.484,26560.9,4.842,26560.8,1612.341
1687039907000.0,26560.8,4.484,26560.9,4.815,26560.8,1612.341
1687039907100.0,26560.8,4.484,26560.9,4.853,26560.9,1612.35
1687039907200.0,26560.8,4.472,26560.9,4.949,26560.9,1612.381
1687039907300.0,26560.8,4.433,26560.9,4.949,26560.9,1612.381
1687039907400.0,26560.8,4.704,26560.9,4.933,26560.8,1612.42
1687039907500.0,26560.8,4.822,26560.9,4.601,26560.8,1612.42
1687039907600.0,26560.8,4.668,26560.9,4.534,26560.9,1612.89
1687039907700.0,26560.8,4.673,26560.9,4.511,26560.8,1612.924
1687039907800.0,26560.8,4.678,26560.9,4.511,26560.8,1612.924
1687039907900.0,26560.8,4.686,26560.9,4.515,26560.8,1612.924
1687039908000.0,26560.8,6.155,26560.9,4.162,26560.8,1612.924
1687039908100.0,26560.8,6.15,26560.9,4.192,26560.8,1612.96
1687039908200.0,26563.1,23.753,26563.2,0.389,26563.0,1619.236
1687039908300.0,26563.1,17.069,26563.2,1.351,26563.1,1619.237
1687039908400.0,26563.1,16.763,26563.2,1.354,26563.1,1619.84
1687039908500.0,26563.1,22.691,26563.2,1.34,26563.2,1619.85
1687039908600.0,26563.2,22.103,26563.3,1.686,26563.1,1619.879
1687039908700.0,26563.2,20.794,26563.3,1.585,26563.3,1620.053
1687039908800.0,26563.2,20.795,26563.3,1.585,26563.3,1620.053
1687039908900.0,26563.2,21.667,26563.3,1.486,26563.2,1620.093
1687039909000.0,26563.2,21.593,26563.3,1.486,26563.3,1620.193
1687039909100.0,26563.2,28.569,26563.3,0.843,26563.2,1620.27
1687039909200.0,26565.5,14.591,26565.6,0.111,26565.4,1622.987
1687039909300.0,26565.5,17.143,26565.6,1.048,26565.5,1622.993
1687039909400.0,26565.5,16.655,26565.6,0.534,26565.5,1623.358
1687039909500.0,26565.5,16.482,26565.6,1.857,26565.5,1623.358
1687039909600.0,26565.5,16.483,26565.6,1.857,26565.5,1623.394
1687039909700.0,26565.5,16.484,26565.6,1.857,26565.5,1623.394
1687039909800.0,26565.5,16.224,26565.6,1.856,26565.5,1623.394
1687039909900.0,26565.5,16.226,26565.6,1.857,26565.5,1623.674
1687039910000.0,26565.5,16.187,26565.6,1.857,26565.5,1623.674
1687039910100.0,26565.5,16.128,26565.6,1.906,26565.5,1623.674
1687039910200.0,26565.5,16.28,26565.6,1.906,26565.5,1623.674
1687039910300.0,26565.5,15.924,26565.6,1.892,26565.5,1624.053
1687039910400.0,26565.5,15.924,26565.6,1.903,26565.5,1624.053
1687039910500.0,26565.5,15.918,26565.6,1.648,26565.6,1624.498
1687039910600.0,26565.5,14.608,26565.6,1.627,26565.5,1624.501
1687039910700.0,26565.5,14.608,26565.6,1.613,26565.6,1624.522
1687039910800.0,26565.5,14.611,26565.6,1.613,26565.6,1624.536
1687039910900.0,26569.6,3.597,26569.7,1.009,26569.6,1630.694
1687039911000.0,26570.8,10.961,26570.9,0.029,26570.8,1636.981
1687039911100.0,26571.3,6.778,26571.4,0.018,26571.3,1637.892
1687039911200.0,26571.9,24.754,26572.0,1.549,26571.8,1637.993
1687039911300.0,26571.9,21.553,26572.0,4.072,26571.9,1637.994
1687039911400.0,26571.9,21.568,26572.0,4.072,26571.9,1638.673
1687039911500.0,26571.9,22.836,26572.0,4.763,26571.9,1638.776
1687039911600.0,26571.9,22.836,26572.0,5.893,26571.9,1638.776
1687039911700.0,26571.9,22.147,26572.0,5.903,26572.0,1638.929
1687039911800.0,26571.9,22.154,26572.0,5.903,26572.0,1638.929
1687039911900.0,26571.9,22.813,26572.0,4.775,26572.0,1638.929
1687039912000.0,26574.5,7.317,26574.6,0.18,26574.5,1645.481
1687039912100.0,26574.5,3.672,26574.6,5.691,26574.5,1645.67
1687039912200.0,26573.2,0.319,26573.3,11.421,26573.5,1648.105
1687039912300.0,26572.3,0.08,26572.4,15.245,26572.5,1648.476
1687039912400.0,26572.3,0.411,26572.4,20.676,26572.3,1648.615
1687039912500.0,26571.4,1.141,26571.5,1.049,26571.6,1651.964
1687039912600.0,26571.4,2.865,26571.5,12.481,26571.4,1651.98
1687039912700.0,26571.4,1.361,26571.5,12.923,26571.5,1651.981
1687039912800.0,26571.4,1.763,26571.5,12.939,26571.5,1651.981
1687039912900.0,26571.4,2.371,26571.5,12.803,26571.4,1652.244
1687039913000.0,26571.4,13.97,26571.5,1.544,26571.5,1652.38
1687039913100.0,26571.9,29.955,26572.0,0.361,26571.9,1653.391
1687039913200.0,26572.3,26.239,26572.4,0.46,26572.2,1653.521
1687039913300.0,26572.3,26.305,26572.4,0.452,26572.3,1653.566
1687039913400.0,26572.3,26.347,26572.4,0.973,26572.4,1653.578
1687039913500.0,26572.3,12.531,26572.4,1.987,26572.4,1653.578
1687039913600.0,26572.3,11.532,26572.4,1.934,26572.3,1653.589
1687039913700.0,26572.3,11.522,26572.4,2.004,26572.3,1653.589
1687039913800.0,26572.3,11.013,26572.4,3.189,26572.3,1653.599
1687039913900.0,26572.3,8.393,26572.4,3.245,26572.3,1653.645
1687039914000.0,26572.3,8.393,26572.4,3.223,26572.3,1653.645
1687039914100.0,26572.3,8.393,26572.4,2.715,26572.3,1653.645
1687039914200.0,26572.3,8.445,26572.4,2.717,26572.4,1653.649
1687039914300.0,26572.3,7.732,26572.4,3.084,26572.4,1653.649
1687039914400.0,26572.3,5.944,26572.4,5.091,26572.4,1654.389
1687039914500.0,26572.3,4.794,26572.4,5.345,26572.3,1654.404
1687039914600.0,26572.3,5.717,26572.4,5.312,26572.3,1655.084
1687039914700.0,26572.3,7.075,26572.4,5.307,26572.4,1655.132
1687039914800.0,26572.3,6.639,26572.4,5.113,26572.3,1655.244
1687039914900.0,26572.3,6.629,26572.4,5.113,26572.4,1655.446
1687039915000.0,26572.3,6.859,26572.4,6.225,26572.3,1655.456
1687039915100.0,26572.3,5.501,26572.4,6.275,26572.3,1655.456
1687039915200.0,26572.3,5.44,26572.4,6.276,26572.4,1655.466
1687039915300.0,26572.3,0.985,26572.4,6.549,26572.3,1655.503
1687039915400.0,26571.5,0.001,26571.6,21.915,26571.7,1656.649
1687039915500.0,26571.4,0.441,26571.5,18.9,26571.6,1656.65
1687039915600.0,26571.4,0.446,26571.5,19.3,26571.5,1656.651
1687039915700.0,26571.2,0.064,26571.3,14.36,26571.4,1657.157
1687039915800.0,26571.2,0.067,26571.3,16.167,26571.4,1657.157
1687039915900.0,26571.2,0.067,26571.3,16.541,26571.3,1657.217
1687039916000.0,26571.2,0.069,26571.3,16.828,26571.3,1657.217
1687039916100.0,26571.2,0.063,26571.3,24.278,26571.2,1657.325
1687039916200.0,26571.2,0.414,26571.3,23.436,26571.2,1657.373
1687039916300.0,26571.2,0.314,26571.3,24.644,26571.2,1657.649
1687039916400.0,26571.2,0.33,26571.3,25.037,26571.2,1657.649
1687039916500.0,26571.2,0.334,26571.3,25.254,26571.3,1657.656
1687039916600.0,26571.2,0.316,26571.3,25.254,26571.3,1657.659
1687039916700.0,26571.2,0.315,26571.3,25.254,26571.3,1657.659
1687039916800.0,26571.2,0.32,26571.3,25.564,26571.2,1657.678
1687039916900.0,26570.3,0.798,26570.4,19.371,26570.4,1659.347
1687039917000.0,26570.3,0.805,26570.4,20.698,26570.4,1659.347
1687039917100.0,26570.3,0.807,26570.4,21.396,26570.3,1660.085
1687039917200.0,26570.3,1.197,26570.4,24.243,26570.3,1660.085
1687039917300.0,26570.3,1.159,26570.4,24.247,26570.4,1660.088
1687039917400.0,26570.3,1.161,26570.4,23.662,26570.4,1660.088
1687039917500.0,26570.3,1.161,26570.4,24.259,26570.3,1660.126
1687039917600.0,26570.3,3.041,26570.4,24.247,26570.3,1660.126
1687039917700.0,26570.3,1.162,26570.4,24.247,26570.4,1660.181
1687039917800.0,26570.0,0.128,26570.1,20.418,26570.1,1661.688
1687039917900.0,26570.0,0.131,26570.1,21.07,26570.0,1661.938
1687039918000.0,26570.0,0.131,26570.1,23.584,26570.0,1661.938
1687039918100.0,26570.0,0.14,26570.1,26.111,26570.0,1662.078
1687039918200.0,26568.0,0.005,26568.1,18.28,26568.1,1666.884
1687039918300.0,26567.9,0.015,26568.0,16.124,26568.0,1667.439
1687039918400.0,26567.8,0.697,26567.9,27.15,26567.9,1667.462
1687039918500.0,26567.8,0.7,26567.9,27.848,26567.9,1667.463
1687039918600.0,26567.8,0.739,26567.9,29.962,26567.9,1667.463
1687039918700.0,26567.8,0.741,26567.9,31.338,26567.9,1667.464
1687039918800.0,26567.8,0.718,26567.9,31.743,26567.9,1667.464
1687039918900.0,26567.8,0.72,26567.9,31.745,26567.8,1667.496
1687039919000.0,26567.8,0.72,26567.9,31.746,26567.8,1667.496
1687039919100.0,26567.8,0.72,26567.9,31.658,26567.8,1667.496
1687039919200.0,26567.8,0.723,26567.9,31.467,26567.9,1667.915
1687039919300.0,26566.0,4.048,26566.1,11.743,26566.1,1672.242
1687039919400.0,26566.0,4.856,26566.1,9.211,26566.1,1672.242
1687039919500.0,26566.0,5.811,26566.1,12.972,26566.0,1673.869
1687039919600.0,26566.0,5.02,26566.1,13.919,26566.0,1673.996
1687039919700.0,26566.0,5.712,26566.1,13.919,26566.0,1674.096
1687039919800.0,26566.0,5.839,26566.1,13.812,26566.0,1674.096
1687039919900.0,26566.0,5.91,26566.1,13.812,26566.1,1674.213
1687039920000.0,26566.0,15.943,26566.1,5.054,26566.1,1674.213
1687039920100.0,26566.1,11.971,26566.2,0.002,26566.1,1684.772
1687039920200.0,26567.8,22.711,26567.9,0.462,26567.8,1684.869
1687039920300.0,26567.8,24.107,26567.9,0.518,26567.9,1685.28
1687039920400.0,26567.8,21.936,26567.9,0.195,26567.9,1686.462
1687039920500.0,26567.8,23.517,26567.9,0.479,26567.8,1686.463
1687039920600.0,26567.8,23.666,26567.9,0.166,26567.9,1686.478
1687039920700.0,26567.8,23.974,26567.9,0.959,26567.8,1686.479
1687039920800.0,26567.8,24.717,26567.9,0.16,26567.9,1686.486
1687039920900.0,26568.6,40.258,26568.7,0.013,26568.7,1687.166
1687039921000.0,26569.9,9.669,26570.0,3.241,26570.0,1687.891
1687039921100.0,26569.9,8.771,26570.0,3.365,26569.9,1688.395
1687039921200.0,26569.9,8.967,26570.0,3.364,26570.0,1688.401
1687039921300.0,26569.9,8.328,26570.0,3.37,26569.9,1688.834
1687039921400.0,26569.9,8.265,26570.0,3.346,26570.0,1688.841
1687039921500.0,26569.9,8.2,26570.0,3.351,26569.9,1697.117
1687039921600.0,26568.7,3.843,26568.8,10.597,26568.8,1698.551
1687039921700.0,26568.7,3.843,26568.8,8.948,26568.7,1698.78
1687039921800.0,26568.7,3.94,26568.8,8.846,26568.7,1698.78
1687039921900.0,26568.7,3.233,26568.8,8.892,26568.7,1698.78
1687039922000.0,26568.7,3.234,26568.8,8.986,26568.7,1699.721
1687039922100.0,26568.7,15.491,26568.8,0.705,26568.7,1699.799
1687039922200.0,26568.7,16.0,26568.8,4.499,26568.8,1699.8
1687039922300.0,26568.7,10.242,26568.8,4.732,26568.8,1700.282
1687039922400.0,26568.7,7.306,26568.8,6.134,26568.7,1700.313
1687039922500.0,26568.7,10.408,26568.8,5.284,26568.7,1700.449
1687039922600.0,26568.7,10.893,26568.8,5.065,26568.8,1700.719
1687039922700.0,26568.7,10.88,26568.8,5.064,26568.8,1700.719
1687039922800.0,26568.7,10.883,26568.8,5.166,26568.7,1700.733
1687039922900.0,26568.7,11.133,26568.8,5.065,26568.7,1700.733
1687039923000.0,26568.7,11.652,26568.8,4.918,26568.8,1700.835
1687039923100.0,26568.7,11.654,26568.8,3.893,26568.8,1700.835
1687039923200.0,26568.7,11.503,26568.8,3.961,26568.8,1701.066
1687039923300.0,26568.7,11.201,26568.8,4.179,26568.7,1701.44
1687039923400.0,26568.7,11.389,26568.8,4.259,26568.7,1701.44
1687039923500.0,26568.7,11.074,26568.8,1.832,26568.8,1701.441
1687039923600.0,26568.7,11.046,26568.8,1.95,26568.8,1701.441
1687039923700.0,26568.7,11.146,26568.8,1.736,26568.7,1701.816
1687039923800.0,26568.7,11.164,26568.8,1.736,26568.8,1701.92
1687039923900.0,26568.7,11.154,26568.8,1.736,26568.8,1701.92
1687039924000.0,26568.7,13.154,26568.8,1.736,26568.8,1701.92
1687039924100.0,26568.7,16.149,26568.8,1.724,26568.8,1701.955
1687039924200.0,26568.7,16.169,26568.8,1.716,26568.8,1702.012
1687039924300.0,26569.5,16.357,26569.6,0.003,26569.5,1704.148
1687039924400.0,26569.9,28.04,26570.0,0.016,26569.8,1704.178
1687039924500.0,26569.9,33.87,26570.0,0.023,26569.9,1704.179
1687039924600.0,26569.9,33.651,26570.0,0.023,26569.9,1704.181
1687039924700.0,26570.6,30.241,26570.7,0.128,26570.5,1704.355
1687039924800.0,26570.6,37.567,26570.7,0.118,26570.6,1704.384
1687039924900.0,26572.2,18.497,26572.3,2.471,26572.2,1704.745
1687039925000.0,26572.2,18.633,26572.3,4.192,26572.2,1704.789
1687039925100.0,26572.2,18.656,26572.3,4.09,26572.3,1704.949
1687039925200.0,26572.2,17.774,26572.3,4.195,26572.3,1704.949
1687039925300.0,26572.2,16.989,26572.3,3.943,26572.2,1705.622
1687039925400.0,26572.2,16.802,26572.3,4.936,26572.2,1705.622
1687039925500.0,26572.2,13.014,26572.3,6.277,26572.2,1706.711
1687039925600.0,26572.2,13.563,26572.3,5.063,26572.2,1706.711
1687039925700.0,26572.2,16.113,26572.3,5.026,26572.3,1707.711
1687039925800.0,26572.2,16.121,26572.3,3.939,26572.3,1707.711
1687039925900.0,26572.2,16.303,26572.3,3.972,26572.2,1707.731
1687039926000.0,26572.2,16.303,26572.3,3.52,26572.3,1707.888
1687039926100.0,26572.2,17.04,26572.3,3.537,26572.3,1707.888
1687039926200.0,26572.2,17.04,26572.3,3.634,26572.3,1707.888
1687039926300.0,26572.2,17.14,26572.3,3.663,26572.3,1707.888
1687039926400.0,26572.2,17.08,26572.3,4.789,26572.3,1707.891
1687039926500.0,26572.2,16.017,26572.3,4.984,26572.3,1707.924
1687039926600.0,26572.2,16.009,26572.3,5.016,26572.2,1708.249
1687039926700.0,26572.2,16.009,26572.3,4.176,26572.3,1710.009
1687039926800.0,26572.2,16.007,26572.3,4.199,26572.3,1710.009
1687039926900.0,26572.2,19.619,26572.3,3.867,26572.3,1710.009
1687039927000.0,26572.2,19.733,26572.3,3.093,26572.3,1710.009
1687039927100.0,26572.2,17.622,26572.3,1.088,26572.3,1712.068
1687039927200.0,26572.2,18.478,26572.3,0.222,26572.2,1712.108
1687039927300.0,26572.2,19.583,26572.3,0.127,26572.2,1713.01
1687039927400.0,26572.8,28.312,26572.9,0.023,26572.7,1713.399
1687039927500.0,26572.9,17.571,26573.0,0.005,26572.8,1713.426
1687039927600.0,26573.0,34.313,26573.1,0.08,26572.9,1713.454
1687039927700.0,26573.0,34.024,26573.1,0.209,26573.0,1713.459
1687039927800.0,26573.0,34.282,26573.1,0.209,26573.0,1713.459
1687039927900.0,26573.0,35.079,26573.1,0.209,26573.0,1713.459
1687039928000.0,26573.0,34.946,26573.1,0.205,26573.0,1713.459
1687039928100.0,26573.0,46.666,26573.1,0.281,26573.1,1713.464
1687039928200.0,26573.0,46.466,26573.1,0.181,26573.1,1713.464
1687039928300.0,26573.0,46.427,26573.1,0.325,26573.1,1713.464
1687039928400.0,26573.0,45.462,26573.1,0.389,26573.1,1713.564
1687039928500.0,26573.0,45.053,26573.1,0.389,26573.1,1713.564
1687039928600.0,26573.0,45.059,26573.1,0.299,26573.0,1713.576
1687039928700.0,26573.0,44.986,26573.1,0.299,26573.1,1713.671
1687039928800.0,26573.0,44.977,26573.1,0.276,26573.0,1713.701
1687039928900.0,26573.0,44.983,26573.1,0.259,26573.0,1713.742
1687039929000.0,26573.0,38.425,26573.1,0.642,26573.1,1713.812
1687039929100.0,26573.0,37.4,26573.1,0.642,26573.0,1719.194
1687039929200.0,26573.0,37.4,26573.1,0.642,26573.0,1719.219
1687039929300.0,26573.0,32.073,26573.1,1.399,26573.1,1719.259
1687039929400.0,26573.0,33.267,26573.1,1.073,26573.0,1719.538
1687039929500.0,26573.0,30.291,26573.1,2.937,26573.0,1719.538
1687039929600.0,26573.0,27.477,26573.1,2.957,26573.0,1719.58
1687039929700.0,26573.0,26.737,26573.1,3.152,26573.0,1719.58
1687039929800.0,26573.0,26.459,26573.1,2.971,26573.0,1719.845
1687039929900.0,26573.0,31.865,26573.1,1.014,26573.0,1719.845
1687039930000.0,26573.3,14.361,26573.4,0.006,26573.2,1721.008
1687039930100.0,26573.4,35.843,26573.5,0.404,26573.5,1721.391
1687039930200.0,26573.4,35.812,26573.5,0.357,26573.5,1721.391
1687039930300.0,26575.5,19.011,26575.6,0.069,26575.4,1724.462
1687039930400.0,26575.5,21.432,26575.6,0.13,26575.4,1724.462
1687039930500.0,26575.5,22.839,26575.6,0.13,26575.5,1724.465
1687039930600.0,26575.5,26.591,26575.6,0.106,26575.5,1724.465
1687039930700.0,26575.5,26.599,26575.6,0.061,26575.6,1724.468
1687039930800.0,26575.5,26.564,26575.6,0.061,26575.6,1724.552
1687039930900.0,26575.5,27.008,26575.6,0.197,26575.6,1724.552
1687039931000.0,26575.5,28.622,26575.6,0.197,26575.6,1724.555
1687039931100.0,26575.5,36.498,26575.6,0.214,26575.6,1724.555
1687039931200.0,26575.6,11.711,26575.7,0.014,26575.6,1724.558
1687039931300.0,26575.6,28.828,26575.7,2.134,26575.6,1724.781
1687039931400.0,26575.6,28.869,26575.7,2.134,26575.7,1724.784
1687039931500.0,26575.6,27.364,26575.7,3.935,26575.6,1724.846
1687039931600.0,26575.6,25.831,26575.7,3.971,26575.6,1724.846
1687039931700.0,26575.6,25.863,26575.7,3.817,26575.7,1724.947
1687039931800.0,26575.6,25.906,26575.7,3.794,26575.7,1724.947
1687039931900.0,26575.6,25.902,26575.7,3.794,26575.7,1724.947
1687039932000.0,26575.6,25.699,26575.7,3.353,26575.7,1725.542
1687039932100.0,26575.6,29.755,26575.7,2.543,26575.6,1725.745
1687039932200.0,26575.6,29.761,26575.7,2.84,26575.7,1726.525
1687039932300.0,26575.6,29.616,26575.7,3.646,26575.7,1726.525
1687039932400.0,26575.6,28.335,26575.7,3.563,26575.6,1726.625
1687039932500.0,26575.6,27.638,26575.7,3.796,26575.7,1726.756
1687039932600.0,26575.6,25.087,26575.7,3.665,26575.7,1726.936
1687039932700.0,26575.6,24.526,26575.7,3.59,26575.6,1726.944
1687039932800.0,26575.6,23.949,26575.7,3.588,26575.7,1727.5
1687039932900.0,26575.6,23.949,26575.7,3.236,26575.7,1727.5
1687039933000.0,26575.6,23.554,26575.7,3.813,26575.6,1727.853
1687039933100.0,26575.6,21.398,26575.7,3.808,26575.7,1728.041
1687039933200.0,26576.4,6.699,26576.5,0.489,26576.3,1731.104
1687039933300.0,26576.4,26.684,26576.5,0.127,26576.4,1731.413
1687039933400.0,26576.4,17.93,26576.5,0.373,26576.5,1731.973
1687039933500.0,26576.4,21.884,26576.5,0.373,26576.4,1732.61
1687039933600.0,26576.4,21.997,26576.5,0.373,26576.4,1732.61
1687039933700.0,26576.5,17.98,26576.6,0.066,26576.5,1732.983
1687039933800.0,26578.9,7.006,26579.0,0.96,26578.9,1733.883
1687039933900.0,26579.0,14.977,26579.1,3.03,26579.0,1734.601
1687039934000.0,26579.0,10.347,26579.1,2.076,26579.1,1734.603
1687039934100.0,26579.0,10.954,26579.1,2.088,26579.1,1734.603
1687039934200.0,26579.0,12.712,26579.1,0.86,26579.1,1734.612
1687039934300.0,26579.0,15.243,26579.1,0.092,26579.0,1735.019
1687039934400.0,26579.3,27.027,26579.4,5.91,26579.3,1735.147
1687039934500.0,26579.3,27.689,26579.4,5.982,26579.4,1735.848
1687039934600.0,26579.3,32.034,26579.4,5.99,26579.3,1735.892
1687039934700.0,26579.3,32.003,26579.4,6.007,26579.4,1735.91
1687039934800.0,26579.3,32.451,26579.4,5.558,26579.4,1736.367
1687039934900.0,26579.3,33.047,26579.4,4.804,26579.3,1736.461
1687039935000.0,26579.3,33.047,26579.4,4.809,26579.4,1737.215
1687039935100.0,26579.3,32.927,26579.4,4.81,26579.4,1737.215
1687039935200.0,26579.3,33.018,26579.4,5.229,26579.4,1737.275
1687039935300.0,26579.3,32.581,26579.4,5.912,26579.3,1737.571
1687039935400.0,26579.3,32.776,26579.4,5.192,26579.4,1737.646
1687039935500.0,26579.3,32.777,26579.4,5.914,26579.4,1737.646
1687039935600.0,26579.3,32.76,26579.4,5.661,26579.3,1737.876
1687039935700.0,26579.3,32.783,26579.4,5.661,26579.4,1737.943
1687039935800.0,26579.3,32.79,26579.4,5.379,26579.4,1737.943
1687039935900.0,26579.3,32.832,26579.4,5.378,26579.4,1738.226
1687039936000.0,26579.3,32.785,26579.4,6.083,26579.4,1738.602
1687039936100.0,26579.3,30.607,26579.4,6.067,26579.4,1738.675
1687039936200.0,26579.3,25.601,26579.4,6.378,26579.4,1740.628
1687039936300.0,26579.3,25.298,26579.4,7.066,26579.3,1740.922
1687039936400.0,26579.3,25.179,26579.4,7.189,26579.4,1740.958
1687039936500.0,26579.3,25.178,26579.4,7.036,26579.3,1740.968
1687039936600.0,26579.3,25.205,26579.4,6.915,26579.3,1740.99
1687039936700.0,26579.3,25.222,26579.4,6.7,26579.3,1740.99
1687039936800.0,26579.3,25.222,26579.4,6.632,26579.4,1741.33
1687039936900.0,26579.3,25.224,26579.4,6.398,26579.4,1741.46
1687039937000.0,26579.3,25.238,26579.4,6.473,26579.4,1741.46
1687039937100.0,26579.3,28.936,26579.4,3.086,26579.4,1741.637
1687039937200.0,26579.3,24.866,26579.4,6.643,26579.4,1741.729
1687039937300.0,26579.3,15.345,26579.4,7.044,26579.3,1743.595
1687039937400.0,26579.3,10.36,26579.4,8.678,26579.4,1744.776
1687039937500.0,26578.9,0.874,26579.0,5.875,26579.0,1756.523
1687039937600.0,26577.0,0.003,26577.1,21.213,26577.2,1758.741
1687039937700.0,26576.7,0.137,26576.8,22.991,26576.8,1759.17
1687039937800.0,26576.7,3.023,26576.8,19.29,26576.8,1759.17
1687039937900.0,26576.7,3.025,26576.8,22.74,26576.7,1759.187
1687039938000.0,26576.7,3.178,26576.8,22.738,26576.8,1759.189
1687039938100.0,26576.7,3.156,26576.8,23.96,26576.8,1759.189
1687039938200.0,26576.7,3.145,26576.8,24.056,26576.7,1759.229
1687039938300.0,26576.7,4.966,26576.8,15.344,26576.7,1759.329
1687039938400.0,26576.7,4.974,26576.8,18.481,26576.8,1764.595
1687039938500.0,26576.7,3.049,26576.8,18.591,26576.8,1764.601
1687039938600.0,26576.7,3.849,26576.8,15.592,26576.7,1764.723
1687039938700.0,26576.7,4.839,26576.8,15.592,26576.8,1767.723
1687039938800.0,26576.7,2.698,26576.8,15.592,26576.7,1767.984
1687039938900.0,26576.7,2.701,26576.8,15.627,26576.7,1767.984
1687039939000.0,26576.7,3.079,26576.8,15.642,26576.8,1767.987
1687039939100.0,26576.7,3.439,26576.8,15.642,26576.7,1768.002
1687039939200.0,26576.7,3.437,26576.8,15.663,26576.7,1768.006
1687039939300.0,26576.7,2.88,26576.8,15.906,26576.7,1769.007
1687039939400.0,26576.3,0.002,26576.4,35.017,26576.5,1771.985
1687039939500.0,26576.2,0.211,26576.3,34.59,26576.3,1772.29
1687039939600.0,26576.2,0.333,26576.3,35.494,26576.3,1774.783
1687039939700.0,26576.2,0.335,26576.3,35.304,26576.3,1774.783
1687039939800.0,26576.0,0.517,26576.1,32.156,26576.1,1775.541
1687039939900.0,26574.0,1.045,26574.1,39.989,26574.1,1792.512
1687039940000.0,26573.7,0.594,26573.8,25.829,26573.7,1803.834
1687039940100.0,26572.9,0.222,26573.0,22.219,26573.0,1804.571
1687039940200.0,26572.2,0.275,26572.3,21.105,26572.3,1806.207
1687039940300.0,26572.2,0.275,26572.3,21.466,26572.2,1806.246
1687039940400.0,26572.0,0.013,26572.1,16.684,26571.7,1806.546
1687039940500.0,26571.2,0.163,26571.3,27.697,26571.3,1806.563
1687039940600.0,26571.2,0.177,26571.3,25.499,26571.2,1806.608
1687039940700.0,26571.2,2.066,26571.3,25.559,26571.3,1808.891
1687039940800.0,26571.2,2.021,26571.3,25.544,26571.3,1808.915
1687039940900.0,26571.2,2.463,26571.3,23.766,26571.3,1808.915
1687039941000.0,26571.2,2.465,26571.3,25.771,26571.2,1808.967
1687039941100.0,26571.2,2.231,26571.3,25.771,26571.2,1808.967
1687039941200.0,26571.2,2.497,26571.3,25.895,26571.2,1809.201
1687039941300.0,26571.2,2.373,26571.3,25.943,26571.2,1809.291
1687039941400.0,26571.2,2.388,26571.3,25.886,26571.2,1809.291
1687039941500.0,26571.2,2.495,26571.3,25.823,26571.3,1809.497
1687039941600.0,26571.2,2.495,26571.3,25.838,26571.3,1809.503
1687039941700.0,26571.2,2.497,26571.3,25.697,26571.3,1809.503
1687039941800.0,26571.2,2.505,26571.3,25.797,26571.3,1809.503
1687039941900.0,26571.2,2.083,26571.3,25.952,26571.3,1809.644
1687039942000.0,26571.2,0.47,26571.3,25.971,26571.3,1809.644
1687039942100.0,26570.0,0.405,26570.1,22.323,26570.2,1810.608
1687039942200.0,26570.0,0.405,26570.1,23.4,26570.2,1810.608
1687039942300.0,26568.7,6.231,26568.8,17.543,26568.8,1811.272
1687039942400.0,26568.7,6.382,26568.8,22.318,26568.8,1811.272
1687039942500.0,26568.7,6.206,26568.8,23.483,26568.7,1811.604
1687039942600.0,26568.7,6.159,26568.8,23.412,26568.7,1811.604
1687039942700.0,26568.7,20.622,26568.8,14.763,26568.7,1812.008
1687039942800.0,26571.3,7.105,26571.4,0.004,26571.3,1836.51
1687039942900.0,26573.5,11.272,26573.6,0.084,26573.5,1838.555
1687039943000.0,26573.5,11.251,26573.6,0.146,26573.5,1848.35
1687039943100.0,26573.5,10.551,26573.6,2.077,26573.6,1848.4
1687039943200.0,26573.5,7.232,26573.6,2.24,26573.5,1848.733
1687039943300.0,26573.5,4.03,26573.6,6.34,26573.5,1850.938
1687039943400.0,26573.5,4.192,26573.6,6.519,26573.6,1850.969
1687039943500.0,26573.5,3.129,26573.6,6.729,26573.6,1850.969
1687039943600.0,26573.5,1.773,26573.6,6.791,26573.6,1850.983
1687039943700.0,26573.5,1.442,26573.6,6.845,26573.6,1851.475
1687039943800.0,26573.5,3.001,26573.6,6.846,26573.6,1851.475
1687039943900.0,26573.5,3.015,26573.6,6.908,26573.5,1851.565
1687039944000.0,26573.5,3.015,26573.6,6.913,26573.5,1851.565
1687039944100.0,26573.5,3.015,26573.6,6.667,26573.5,1851.565
1687039944200.0,26573.5,3.017,26573.6,7.092,26573.5,1851.565
1687039944300.0,26573.5,3.014,26573.6,7.105,26573.5,1851.565
1687039944400.0,26573.5,3.016,26573.6,7.105,26573.5,1851.565
1687039944500.0,26573.5,3.021,26573.6,7.104,26573.5,1851.569
1687039944600.0,26573.5,3.024,26573.6,7.103,26573.5,1851.569
1687039944700.0,26573.5,3.048,26573.6,7.103,26573.5,1851.57
1687039944800.0,26573.5,3.225,26573.6,7.103,26573.5,1851.571
1687039944900.0,26573.5,2.64,26573.6,7.144,26573.5,1851.571
1687039945000.0,26573.5,2.641,26573.6,7.158,26573.5,1851.878
1687039945100.0,26573.5,2.733,26573.6,7.454,26573.6,1851.883
1687039945200.0,26573.5,4.24,26573.6,7.288,26573.6,1851.883
1687039945300.0,26573.5,2.771,26573.6,6.988,26573.6,1852.059
1687039945400.0,26573.5,2.785,26573.6,6.991,26573.5,1853.559
1687039945500.0,26573.5,1.19,26573.6,6.861,26573.5,1853.578
1687039945600.0,26573.5,1.378,26573.6,6.905,26573.5,1853.578
1687039945700.0,26573.5,0.986,26573.6,6.905,26573.6,1853.759
1687039945800.0,26573.5,0.771,26573.6,7.031,26573.6,1853.759
1687039945900.0,26573.5,0.751,26573.6,7.46,26573.6,1854.331
1687039946000.0,26573.5,0.751,26573.6,7.448,26573.5,1854.351
1687039946100.0,26573.5,0.744,26573.6,7.608,26573.5,1854.351
1687039946200.0,26573.5,0.835,26573.6,7.564,26573.6,1854.373
1687039946300.0,26573.5,0.868,26573.6,7.381,26573.6,1854.373
1687039946400.0,26573.5,3.465,26573.6,7.314,26573.5,1854.453
1687039946500.0,26573.5,13.806,26573.6,1.317,26573.6,1854.523
1687039946600.0,26573.5,14.123,26573.6,1.294,26573.5,1854.524
1687039946700.0,26573.5,13.916,26573.6,1.24,26573.5,1854.809
1687039946800.0,26573.5,12.603,26573.6,2.051,26573.5,1854.809
1687039946900.0,26573.5,12.888,26573.6,2.149,26573.5,1856.129
1687039947000.0,26573.5,13.196,26573.6,1.246,26573.5,1856.129
1687039947100.0,26573.5,13.178,26573.6,1.384,26573.5,1856.129
1687039947200.0,26573.5,12.937,26573.6,1.782,26573.6,1856.478
1687039947300.0,26573.5,12.31,26573.6,1.382,26573.6,1856.478
1687039947400.0,26573.5,12.168,26573.6,3.471,26573.5,1856.639
1687039947500.0,26573.5,2.167,26573.6,7.712,26573.5,1856.639
1687039947600.0,26573.5,2.113,26573.6,7.712,26573.5,1860.291
1687039947700.0,26573.5,2.157,26573.6,7.715,26573.5,1860.291
1687039947800.0,26573.5,2.159,26573.6,7.715,26573.5,1860.291
1687039947900.0,26573.5,2.161,26573.6,7.715,26573.5,1860.291
1687039948000.0,26573.5,2.176,26573.6,7.715,26573.5,1860.291
1687039948100.0,26573.5,2.409,26573.6,7.683,26573.5,1860.291
1687039948200.0,26573.5,2.181,26573.6,7.238,26573.5,1860.291
1687039948300.0,26573.5,2.196,26573.6,7.689,26573.6,1860.34
1687039948400.0,26573.5,4.831,26573.6,7.712,26573.6,1860.34
1687039948500.0,26573.5,13.508,26573.6,1.879,26573.5,1860.419
1687039948600.0,26573.5,13.54,26573.6,1.277,26573.6,1861.601
1687039948700.0,26573.5,13.544,26573.6,1.277,26573.6,1861.604
1687039948800.0,26573.5,14.523,26573.6,0.276,26573.6,1861.604
1687039948900.0,26573.5,14.612,26573.6,0.276,26573.6,1862.604
1687039949000.0,26573.5,16.767,26573.6,0.276,26573.6,1862.604
1687039949100.0,26573.5,16.767,26573.6,0.274,26573.6,1862.604
1687039949200.0,26575.9,18.738,26576.0,0.819,26575.9,1864.511
1687039949300.0,26575.9,18.368,26576.0,0.665,26576.0,1864.515
1687039949400.0,26576.5,14.27,26576.6,0.067,26576.4,1865.366
1687039949500.0,26576.6,19.816,26576.7,2.256,26576.5,1865.369
1687039949600.0,26576.6,18.827,26576.7,2.256,26576.6,1865.435
1687039949700.0,26576.6,20.805,26576.7,2.253,26576.6,1865.435
1687039949800.0,26576.6,20.803,26576.7,2.301,26576.7,1865.438
1687039949900.0,26576.6,20.798,26576.7,2.301,26576.6,1865.44
1687039950000.0,26576.6,20.747,26576.7,2.301,26576.6,1865.496
1687039950100.0,26576.6,20.703,26576.7,2.123,26576.6,1865.496
1687039950200.0,26576.6,20.537,26576.7,2.54,26576.6,1865.676
1687039950300.0,26576.6,20.537,26576.7,2.547,26576.6,1865.676
1687039950400.0,26576.6,20.537,26576.7,2.559,26576.6,1865.676
1687039950500.0,26576.6,20.049,26576.7,2.564,26576.6,1865.676
1687039950600.0,26576.6,20.049,26576.7,2.546,26576.7,1866.174
1687039950700.0,26576.6,19.556,26576.7,2.547,26576.7,1866.174
1687039950800.0,26576.6,19.547,26576.7,2.567,26576.6,1866.686
1687039950900.0,26576.6,19.547,26576.7,2.566,26576.7,1866.689
1687039951000.0,26576.6,19.547,26576.7,2.566,26576.7,1866.689
1687039951100.0,26576.6,19.547,26576.7,2.335,26576.7,1866.689
1687039951200.0,26576.6,19.532,26576.7,2.539,26576.7,1866.689
1687039951300.0,26576.6,19.532,26576.7,2.545,26576.6,1866.691
1687039951400.0,26576.6,19.532,26576.7,2.525,26576.7,1866.711
1687039951500.0,26576.6,19.411,26576.7,3.305,26576.7,1866.711
1687039951600.0,26576.6,19.41,26576.7,3.515,26576.6,1866.812
1687039951700.0,26576.6,14.787,26576.7,8.232,26576.6,1866.813
1687039951800.0,26576.6,14.491,26576.7,8.124,26576.6,1867.101
1687039951900.0,26576.6,14.491,26576.7,7.338,26576.6,1867.101
1687039952000.0,26576.6,14.498,26576.7,7.089,26576.7,1868.101
1687039952100.0,26576.6,13.572,26576.7,6.997,26576.6,1869.058
1687039952200.0,26576.6,13.582,26576.7,7.005,26576.6,1869.058
1687039952300.0,26576.6,13.592,26576.7,7.146,26576.7,1869.066
1687039952400.0,26576.6,13.59,26576.7,9.605,26576.7,1869.069
1687039952500.0,26576.6,15.103,26576.7,9.608,26576.7,1869.069
1687039952600.0,26576.6,15.11,26576.7,9.559,26576.7,1869.069
1687039952700.0,26576.6,15.05,26576.7,9.583,26576.7,1869.119
1687039952800.0,26576.6,14.764,26576.7,9.731,26576.6,1869.174
1687039952900.0,26576.6,14.773,26576.7,9.708,26576.6,1869.174
1687039953000.0,26576.6,12.976,26576.7,13.399,26576.7,1869.175
1687039953100.0,26576.6,0.336,26576.7,14.135,26576.7,1869.175
1687039953200.0,26576.6,0.334,26576.7,11.061,26576.6,1869.462
1687039953300.0,26576.6,0.334,26576.7,14.123,26576.6,1869.462
1687039953400.0,26576.6,0.335,26576.7,13.97,26576.6,1869.474
1687039953500.0,26576.6,0.337,26576.7,13.97,26576.7,1869.628
1687039953600.0,26576.6,0.337,26576.7,13.618,26576.7,1869.978
1687039953700.0,26576.6,0.338,26576.7,13.467,26576.7,1869.978
1687039953800.0,26576.6,0.338,26576.7,13.188,26576.7,1870.16
1687039953900.0,26576.6,0.562,26576.7,10.763,26576.7,1871.099
1687039954000.0,26576.6,0.337,26576.7,11.045,26576.6,1871.115
1687039954100.0,26576.6,1.366,26576.7,9.126,26576.6,1871.595
1687039954200.0,26576.6,0.554,26576.7,9.311,26576.7,1873.485
1687039954300.0,26576.6,0.554,26576.7,9.31,26576.6,1873.509
1687039954400.0,26576.6,0.567,26576.7,9.311,26576.6,1873.509
1687039954500.0,26576.6,0.337,26576.7,9.34,26576.7,1873.51
1687039954600.0,26576.6,0.337,26576.7,9.35,26576.6,1873.847
1687039954700.0,26575.9,0.189,26576.0,16.778,26576.1,1874.096
1687039954800.0,26575.9,0.223,26576.0,18.314,26576.0,1874.099
1687039954900.0,26575.9,0.249,26576.0,18.205,26576.0,1874.099
1687039955000.0,26575.9,0.278,26576.0,18.441,26576.0,1874.102
1687039955100.0,26575.9,0.278,26576.0,18.593,26576.0,1874.602
1687039955200.0,26575.8,0.003,26575.9,0.103,26576.0,1874.602
1687039955300.0,26575.0,0.084,26575.1,13.331,26575.2,1875.163
1687039955400.0,26573.5,1.937,26573.6,27.287,26573.7,1876.621
1687039955500.0,26573.5,6.446,26573.6,20.988,26573.6,1876.627
1687039955600.0,26573.5,6.446,26573.6,20.658,26573.5,1876.652
1687039955700.0,26573.5,6.447,26573.6,26.74,26573.5,1876.652
1687039955800.0,26573.5,7.136,26573.6,26.9,26573.5,1876.652
1687039955900.0,26573.5,7.107,26573.6,26.532,26573.6,1877.023
1687039956000.0,26573.5,7.108,26573.6,26.532,26573.6,1877.023
1687039956100.0,26573.5,6.925,26573.6,26.445,26573.5,1877.049
1687039956200.0,26573.5,7.298,26573.6,25.95,26573.6,1877.926
1687039956300.0,26573.5,6.968,26573.6,25.883,26573.5,1878.055
1687039956400.0,26573.5,6.974,26573.6,25.455,26573.5,1878.055
1687039956500.0,26573.5,7.418,26573.6,25.335,26573.6,1878.483
1687039956600.0,26573.5,7.42,26573.6,25.335,26573.6,1878.483
1687039956700.0,26573.5,8.916,26573.6,25.358,26573.6,1878.483
1687039956800.0,26573.5,8.915,26573.6,25.319,26573.6,1878.483
1687039956900.0,26573.5,8.915,26573.6,25.319,26573.5,1878.484
1687039957000.0,26573.5,8.92,26573.6,25.319,26573.5,1878.484
1687039957100.0,26573.5,8.75,26573.6,25.319,26573.5,1878.484
1687039957200.0,26573.5,7.057,26573.6,25.403,26573.5,1878.484
1687039957300.0,26573.5,7.053,26573.6,25.279,26573.5,1878.488
1687039957400.0,26573.5,6.296,26573.6,19.674,26573.6,1878.68
1687039957500.0,26573.5,5.217,26573.6,28.789,26573.5,1880.237
1687039957600.0,26573.5,5.325,26573.6,28.793,26573.5,1880.526
1687039957700.0,26573.5,5.019,26573.6,28.813,26573.5,1880.526
1687039957800.0,26573.5,5.021,26573.6,28.852,26573.5,1880.526
1687039957900.0,26573.5,5.598,26573.6,28.854,26573.5,1880.526
1687039958000.0,26573.5,5.598,26573.6,28.834,26573.5,1880.526
1687039958100.0,26573.5,0.129,26573.6,34.353,26573.5,1880.766
1687039958200.0,26573.5,0.184,26573.6,34.954,26573.5,1880.766
1687039958300.0,26573.5,0.572,26573.6,34.976,26573.5,1880.766
1687039958400.0,26573.5,0.817,26573.6,32.98,26573.5,1880.766
1687039958500.0,26573.5,0.679,26573.6,32.918,26573.5,1880.766
1687039958600.0,26573.5,0.697,26573.6,32.918,26573.5,1880.766
1687039958700.0,26573.5,0.754,26573.6,32.92,26573.5,1880.904
1687039958800.0,26573.5,0.814,26573.6,30.92,26573.6,1880.922
1687039958900.0,26573.5,0.814,26573.6,30.682,26573.6,1880.922
1687039959000.0,26573.1,0.182,26573.2,1.924,26573.3,1881.981
1687039959100.0,26573.1,0.224,26573.2,19.598,26573.3,1881.981
1687039959200.0,26573.1,0.224,26573.2,19.853,26573.2,1882.015
1687039959300.0,26573.1,0.239,26573.2,29.537,26573.2,1882.022
1687039959400.0,26573.1,0.239,26573.2,29.528,26573.2,1882.053
1687039959500.0,26573.1,0.275,26573.2,21.375,26573.1,1882.055
1687039959600.0,26573.1,1.516,26573.2,21.365,26573.2,1889.363
1687039959700.0,26573.0,0.281,26573.1,15.758,26573.1,1890.591
1687039959800.0,26571.9,0.003,26572.0,23.894,26572.1,1890.798
1687039959900.0,26571.7,0.211,26571.8,23.966,26571.9,1890.817
1687039960000.0,26571.7,0.215,26571.8,23.964,26571.8,1890.823
1687039960100.0,26571.7,0.027,26571.8,32.855,26571.8,1890.823
1687039960200.0,26570.8,0.08,26570.9,13.857,26570.9,1890.932
1687039960300.0,26570.8,0.087,26570.9,23.279,26570.9,1891.254
1687039960400.0,26570.1,0.973,26570.2,22.753,26570.2,1892.559
1687039960500.0,26570.1,0.95,26570.2,25.209,26570.1,1892.775
1687039960600.0,26570.1,0.95,26570.2,25.747,26570.1,1892.775
1687039960700.0,26570.1,0.668,26570.2,35.222,26570.1,1892.775
1687039960800.0,26570.1,0.64,26570.2,35.454,26570.1,1892.985
1687039960900.0,26570.1,0.628,26570.2,35.32,26570.1,1893.131
1687039961000.0,26570.1,0.628,26570.2,37.126,26570.1,1893.131
1687039961100.0,26570.1,0.535,26570.2,34.119,26570.1,1893.425
1687039961200.0,26570.1,0.556,26570.2,35.318,26570.2,1894.179
1687039961300.0,26569.1,1.0,26569.2,14.997,26569.3,1895.469
1687039961400.0,26569.1,0.225,26569.2,14.138,26569.3,1895.469
1687039961500.0,26569.1,0.23,26569.2,13.984,26569.2,1896.91
1687039961600.0,26570.1,17.81,26570.2,3.728,26570.1,1913.806
1687039961700.0,26570.1,17.671,26570.2,3.78,26570.2,1922.214
1687039961800.0,26570.1,17.547,26570.2,3.784,26570.1,1922.361
1687039961900.0,26570.1,17.552,26570.2,3.784,26570.1,1922.361
1687039962000.0,26570.1,18.667,26570.2,3.783,26570.1,1922.361
1687039962100.0,26570.1,20.087,26570.2,3.581,26570.1,1922.588
1687039962200.0,26570.1,18.986,26570.2,3.776,26570.1,1922.588
1687039962300.0,26570.1,18.462,26570.2,5.834,26570.2,1922.599
1687039962400.0,26570.1,18.475,26570.2,5.847,26570.2,1922.599
1687039962500.0,26570.1,18.513,26570.2,5.88,26570.1,1922.685
1687039962600.0,26570.1,19.195,26570.2,3.748,26570.1,1922.685
1687039962700.0,26570.1,20.346,26570.2,3.748,26570.1,1922.775
1687039962800.0,26570.1,18.572,26570.2,3.748,26570.1,1922.775
1687039962900.0,26570.1,18.572,26570.2,3.748,26570.1,1923.375
1687039963000.0,26570.1,20.572,26570.2,3.748,26570.1,1923.375
1687039963100.0,26570.1,22.447,26570.2,2.902,26570.1,1924.634
1687039963200.0,26570.1,20.447,26570.2,2.989,26570.1,1924.634
1687039963300.0,26570.1,16.187,26570.2,5.038,26570.2,1924.85
1687039963400.0,26570.1,16.187,26570.2,2.793,26570.2,1924.85
1687039963500.0,26570.1,16.38,26570.2,3.87,26570.2,1924.85
1687039963600.0,26570.1,16.681,26570.2,3.865,26570.2,1924.85
1687039963700.0,26570.1,16.643,26570.2,3.865,26570.2,1924.85
1687039963800.0,26570.1,16.166,26570.2,5.12,26570.1,1924.912
1687039963900.0,26570.1,15.838,26570.2,5.122,26570.1,1925.18
1687039964000.0,26570.1,15.683,26570.2,5.121,26570.1,1925.18
1687039964100.0,26570.1,16.059,26570.2,5.115,26570.1,1925.355
1687039964200.0,26570.1,13.459,26570.2,1.91,26570.2,1927.355
1687039964300.0,26570.1,13.421,26570.2,0.061,26570.2,1927.355
1687039964400.0,26570.8,28.807,26570.9,0.131,26570.7,1929.426
1687039964500.0,26570.8,27.383,26570.9,0.132,26570.8,1929.432
1687039964600.0,26570.8,29.096,26570.9,0.132,26570.8,1929.432
1687039964700.0,26570.8,29.003,26570.9,0.132,26570.8,1929.432
1687039964800.0,26570.8,29.103,26570.9,0.132,26570.8,1929.432
1687039964900.0,26570.8,31.103,26570.9,0.132,26570.8,1929.432
1687039965000.0,26570.8,33.103,26570.9,0.132,26570.8,1929.432
1687039965100.0,26570.8,32.851,26570.9,0.133,26570.8,1929.507
1687039965200.0,26571.1,24.837,26571.2,0.17,26571.1,1929.652
1687039965300.0,26572.2,21.692,26572.3,0.78,26572.2,1929.926
1687039965400.0,26573.6,35.266,26573.7,0.002,26573.6,1934.558
1687039965500.0,26573.9,27.887,26574.0,0.015,26573.8,1935.537
1687039965600.0,26574.9,18.39,26575.0,1.344,26575.0,1935.698
1687039965700.0,26574.9,18.69,26575.0,2.594,26575.0,1935.698
1687039965800.0,26574.9,18.709,26575.0,2.595,26574.9,1935.712
1687039965900.0,26574.9,18.656,26575.0,2.595,26574.9,1935.712
1687039966000.0,26574.9,18.646,26575.0,2.595,26574.9,1935.712
1687039966100.0,26574.9,18.661,26575.0,2.598,26574.9,1935.712
1687039966200.0,26574.9,18.668,26575.0,2.657,26574.9,1935.719
1687039966300.0,26574.9,18.696,26575.0,2.659,26575.0,1935.742
1687039966400.0,26574.9,18.696,26575.0,2.04,26575.0,1935.742
1687039966500.0,26574.9,18.697,26575.0,2.04,26575.0,1936.378
1687039966600.0,26574.9,18.889,26575.0,2.04,26575.0,1936.378
1687039966700.0,26574.9,18.891,26575.0,1.983,26575.0,1936.378
1687039966800.0,26574.9,18.891,26575.0,1.983,26575.0,1936.435
1687039966900.0,26574.9,18.87,26575.0,1.983,26575.0,1936.435
1687039967000.0,26574.9,18.892,26575.0,1.983,26575.0,1936.435
1687039967100.0,26574.9,18.893,26575.0,1.983,26575.0,1936.435
1687039967200.0,26574.9,18.97,26575.0,1.983,26575.0,1936.435
1687039967300.0,26574.9,18.752,26575.0,2.002,26575.0,1936.435
1687039967400.0,26574.9,18.747,26575.0,2.018,26574.9,1936.643
1687039967500.0,26574.9,18.732,26575.0,2.019,26574.9,1936.643
1687039967600.0,26574.9,18.717,26575.0,2.019,26574.9,1936.643
1687039967700.0,26574.9,18.688,26575.0,2.019,26574.9,1936.643
1687039967800.0,26574.9,18.689,26575.0,2.019,26574.9,1936.643
1687039967900.0,26574.9,18.693,26575.0,2.019,26574.9,1936.643
1687039968000.0,26574.9,18.661,26575.0,2.019,26574.9,1936.643
1687039968100.0,26574.9,17.996,26575.0,2.02,26574.9,1936.643
1687039968200.0,26574.9,18.012,26575.0,2.02,26574.9,1936.785
1687039968300.0,26574.9,16.992,26575.0,2.442,26574.9,1936.786
1687039968400.0,26574.9,16.394,26575.0,2.442,26575.0,1936.787
1687039968500.0,26574.9,16.413,26575.0,2.232,26575.0,1936.975
1687039968600.0,26574.9,16.402,26575.0,2.232,26574.9,1936.976
1687039968700.0,26574.9,16.413,26575.0,2.232,26574.9,1936.977
1687039968800.0,26574.9,15.507,26575.0,3.276,26574.9,1936.977
1687039968900.0,26574.9,15.279,26575.0,3.576,26574.9,1937.863
1687039969000.0,26574.9,11.912,26575.0,5.883,26574.9,1937.863
1687039969100.0,26574.8,0.003,26574.9,3.558,26574.9,1937.863
1687039969200.0,26574.1,0.074,26574.2,14.108,26574.3,1944.13
1687039969300.0,26574.1,0.511,26574.2,14.146,26574.2,1944.14
1687039969400.0,26574.1,0.528,26574.2,17.133,26574.2,1944.189
1687039969500.0,26574.1,0.539,26574.2,16.618,26574.1,1944.194
1687039969600.0,26574.1,0.55,26574.2,16.692,26574.1,1944.194
1687039969700.0,26574.1,0.55,26574.2,16.682,26574.2,1944.864
1687039969800.0,26574.1,1.353,26574.2,16.682,26574.2,1944.864
1687039969900.0,26574.1,2.702,26574.2,18.682,26574.2,1944.874
1687039970000.0,26574.1,2.702,26574.2,20.682,26574.2,1944.874
1687039970100.0,26574.1,0.554,26574.2,20.631,26574.2,1944.874
1687039970200.0,26574.1,0.554,26574.2,20.679,26574.2,1944.874
1687039970300.0,26574.1,0.505,26574.2,21.544,26574.2,1944.874
1687039970400.0,26574.1,0.579,26574.2,23.152,26574.2,1944.874
1687039970500.0,26574.1,0.572,26574.2,23.152,26574.2,1944.874
1687039970600.0,26574.1,0.574,26574.2,23.152,26574.2,1944.874
1687039970700.0,26574.1,0.574,26574.2,23.152,26574.1,1945.455
1687039970800.0,26572.3,0.002,26572.4,19.352,26572.5,1945.683
1687039970900.0,26571.3,2.265,26571.4,12.643,26571.4,1945.779
1687039971000.0,26571.3,2.174,26571.4,13.089,26571.4,1945.779
1687039971100.0,26571.3,2.552,26571.4,13.234,26571.4,1945.787
1687039971200.0,26571.3,2.553,26571.4,13.37,26571.4,1945.787
1687039971300.0,26571.3,2.816,26571.4,13.307,26571.4,1945.787
1687039971400.0,26571.3,2.556,26571.4,13.412,26571.4,1945.787
1687039971500.0,26571.3,2.625,26571.4,14.46,26571.4,1945.899
1687039971600.0,26571.3,2.635,26571.4,14.45,26571.3,1945.93
1687039971700.0,26571.3,2.634,26571.4,14.45,26571.3,1945.93
1687039971800.0,26571.3,2.636,26571.4,14.305,26571.3,1945.93
1687039971900.0,26571.3,1.066,26571.4,14.414,26571.4,1946.031
1687039972000.0,26571.3,1.066,26571.4,14.418,26571.3,1946.691
1687039972100.0,26571.3,1.31,26571.4,14.754,26571.3,1946.803
1687039972200.0,26571.3,2.205,26571.4,14.233,26571.3,1946.94
1687039972300.0,26571.3,2.208,26571.4,14.244,26571.4,1947.464
1687039972400.0,26571.3,1.735,26571.4,14.244,26571.4,1947.465
1687039972500.0,26571.3,1.739,26571.4,14.22,26571.3,1947.977
1687039972600.0,26571.3,1.575,26571.4,14.22,26571.3,1948.165
1687039972700.0,26571.3,1.576,26571.4,14.427,26571.4,1948.166
1687039972800.0,26571.3,1.574,26571.4,14.427,26571.4,1948.166
1687039972900.0,26571.3,1.576,26571.4,14.427,26571.4,1948.166
1687039973000.0,26571.3,1.609,26571.4,14.427,26571.4,1948.166
1687039973100.0,26571.3,1.642,26571.4,14.35,26571.3,1948.168
1687039973200.0,26571.3,1.598,26571.4,14.35,26571.3,1948.168
1687039973300.0,26571.3,0.137,26571.4,14.343,26571.3,1948.168
1687039973400.0,26571.3,0.136,26571.4,14.063,26571.4,1948.191
1687039973500.0,26571.3,0.134,26571.4,14.724,26571.4,1948.191
1687039973600.0,26571.3,0.056,26571.4,14.724,26571.4,1948.191
1687039973700.0,26571.2,0.631,26571.3,12.741,26571.3,1948.262
1687039973800.0,26570.9,0.144,26571.0,14.024,26571.1,1950.22
1687039973900.0,26570.9,0.058,26571.0,16.44,26571.0,1950.263
1687039974000.0,26570.9,2.589,26571.0,16.73,26571.0,1951.071
1687039974100.0,26570.9,3.021,26571.0,16.695,26571.0,1951.071
1687039974200.0,26570.9,2.551,26571.0,17.858,26571.0,1951.071
1687039974300.0,26570.9,2.926,26571.0,18.252,26571.0,1951.096
1687039974400.0,26570.9,3.121,26571.0,18.018,26571.0,1951.317
1687039974500.0,26570.9,3.024,26571.0,17.774,26571.0,1951.317
1687039974600.0,26570.9,3.497,26571.0,17.987,26571.0,1951.318
1687039974700.0,26570.9,2.772,26571.0,17.988,26571.0,1951.345
1687039974800.0,26570.9,3.249,26571.0,17.988,26571.0,1951.345
1687039974900.0,26570.9,2.43,26571.0,17.988,26570.9,1951.499
1687039975000.0,26570.9,2.399,26571.0,17.994,26570.9,1951.499
1687039975100.0,26570.9,2.744,26571.0,18.126,26571.0,1951.846
1687039975200.0,26570.9,2.271,26571.0,18.126,26570.9,1951.908
1687039975300.0,26570.9,2.059,26571.0,18.126,26570.9,1951.908
1687039975400.0,26570.9,1.278,26571.0,18.19,26570.9,1951.908
1687039975500.0,26570.9,0.409,26571.0,18.257,26570.9,1952.122
1687039975600.0,26570.9,0.415,26571.0,18.333,26571.0,1952.189
1687039975700.0,26570.9,0.419,26571.0,17.433,26571.0,1952.189
1687039975800.0,26570.9,1.623,26571.0,17.327,26571.0,1953.089
1687039975900.0,26570.8,0.007,26570.9,13.784,26570.9,1954.616
1687039976000.0,26570.8,0.008,26570.9,13.877,26570.9,1954.651
1687039976100.0,26569.7,0.69,26569.8,18.638,26569.8,1955.16
1687039976200.0,26569.1,0.011,26569.2,11.957,26569.2,1957.271
1687039976300.0,26568.9,0.015,26569.0,20.517,26569.1,1957.287
1687039976400.0,26568.8,0.015,26568.9,23.19,26569.0,1957.293
1687039976500.0,26568.8,0.391,26568.9,22.925,26568.9,1957.31
1687039976600.0,26568.8,0.614,26568.9,25.675,26568.9,1957.31
1687039976700.0,26568.8,0.614,26568.9,26.192,26568.8,1957.314
1687039976800.0,26568.8,0.616,26568.9,26.294,26568.8,1957.314
1687039976900.0,26568.8,0.616,26568.9,26.294,26568.8,1957.93
1687039977000.0,26568.7,0.486,26568.8,18.086,26568.8,1957.93
1687039977100.0,26568.7,0.486,26568.8,17.066,26568.7,1960.955
1687039977200.0,26568.7,0.494,26568.8,17.165,26568.7,1960.955
1687039977300.0,26568.7,0.477,26568.8,18.587,26568.8,1960.989
1687039977400.0,26568.7,0.566,26568.8,18.856,26568.7,1961.001
1687039977500.0,26568.7,0.564,26568.8,19.348,26568.7,1961.001
1687039977600.0,26568.7,1.144,26568.8,19.342,26568.7,1961.003
1687039977700.0,26568.7,1.944,26568.8,19.342,26568.7,1961.003
1687039977800.0,26568.7,2.026,26568.8,17.793,26568.7,1961.003
1687039977900.0,26568.7,2.05,26568.8,17.76,26568.7,1961.926
1687039978000.0,26568.7,2.05,26568.8,17.808,26568.7,1961.926
1687039978100.0,26568.7,2.05,26568.8,17.569,26568.8,1961.985
1687039978200.0,26568.7,1.077,26568.8,17.611,26568.8,1961.985
1687039978300.0,26568.7,1.077,26568.8,17.852,26568.7,1962.682
1687039978400.0,26568.7,1.084,26568.8,17.871,26568.7,1962.682
1687039978500.0,26568.7,1.543,26568.8,17.916,26568.8,1962.691
1687039978600.0,26568.7,1.529,26568.8,17.916,26568.8,1962.691
1687039978700.0,26568.7,1.532,26568.8,17.914,26568.8,1962.707
1687039978800.0,26568.7,1.532,26568.8,17.909,26568.8,1962.707
1687039978900.0,26568.7,2.699,26568.8,17.909,26568.8,1962.707
1687039979000.0,26568.7,2.686,26568.8,17.909,26568.7,1962.729
1687039979100.0,26568.7,2.686,26568.8,17.89,26568.7,1962.729
1687039979200.0,26568.7,2.688,26568.8,16.482,26568.7,1962.729
1687039979300.0,26568.7,2.958,26568.8,18.17,26568.7,1962.739
1687039979400.0,26568.7,2.958,26568.8,17.116,26568.7,1962.739
1687039979500.0,26568.7,3.431,26568.8,18.637,26568.8,1962.768
1687039979600.0,26568.7,3.53,26568.8,18.637,26568.7,1963.092
1687039979700.0,26568.7,3.487,26568.8,18.637,26568.7,1963.092
1687039979800.0,26568.7,8.509,26568.8,16.516,26568.7,1963.135
1687039979900.0,26568.7,10.369,26568.8,16.417,26568.8,1963.163
1687039980000.0,26568.7,12.644,26568.8,16.273,26568.8,1963.165
1687039980100.0,26568.7,14.62,26568.8,10.522,26568.7,1963.197
1687039980200.0,26568.7,14.883,26568.8,10.517,26568.7,1963.197
1687039980300.0,26568.7,14.891,26568.8,10.526,26568.7,1963.197
1687039980400.0,26568.7,14.857,26568.8,10.526,26568.7,1963.236
1687039980500.0,26568.7,14.858,26568.8,10.53,26568.7,1963.275
1687039980600.0,26568.7,14.826,26568.8,10.53,26568.7,1963.307
1687039980700.0,26568.7,19.342,26568.8,10.53,26568.7,1963.307
1687039980800.0,26568.7,19.999,26568.8,7.191,26568.7,1963.307
1687039980900.0,26568.7,19.999,26568.8,7.19,26568.7,1963.307
1687039981000.0,26568.7,19.999,26568.8,6.753,26568.7,1963.307
1687039981100.0,26568.7,19.999,26568.8,4.588,26568.7,1963.307
1687039981200.0,26568.7,20.104,26568.8,6.134,26568.8,1963.76
1687039981300.0,26568.7,19.834,26568.8,6.515,26568.7,1963.814
1687039981400.0,26568.7,19.833,26568.8,6.513,26568.7,1963.814
1687039981500.0,26568.7,19.74,26568.8,6.58,26568.7,1963.814
1687039981600.0,26568.7,19.734,26568.8,6.061,26568.8,1963.832
1687039981700.0,26568.7,19.734,26568.8,6.564,26568.7,1963.838
1687039981800.0,26568.7,19.684,26568.8,6.564,26568.7,1963.838
1687039981900.0,26568.7,19.647,26568.8,6.564,26568.7,1963.838
1687039982000.0,26568.7,19.659,26568.8,6.564,26568.7,1963.889
1687039982100.0,26568.7,22.853,26568.8,6.396,26568.8,1964.056
1687039982200.0,26568.7,22.85,26568.8,6.174,26568.7,1964.342
1687039982300.0,26568.7,16.719,26568.8,8.116,26568.8,1964.347
1687039982400.0,26568.7,13.294,26568.8,8.112,26568.7,1964.348
1687039982500.0,26568.7,13.113,26568.8,8.109,26568.7,1964.348
1687039982600.0,26568.7,13.346,26568.8,8.11,26568.7,1964.348
1687039982700.0,26568.7,13.347,26568.8,8.148,26568.7,1964.536
1687039982800.0,26568.7,13.159,26568.8,8.148,26568.7,1964.536
1687039982900.0,26568.7,13.185,26568.8,7.604,26568.7,1964.536
1687039983000.0,26568.7,13.13,26568.8,7.604,26568.8,1965.036
1687039983100.0,26568.7,12.251,26568.8,7.609,26568.8,1965.036
1687039983200.0,26568.7,12.042,26568.8,7.609,26568.7,1966.264
1687039983300.0,26568.7,12.272,26568.8,6.948,26568.7,1966.473
1687039983400.0,26568.7,12.292,26568.8,6.952,26568.8,1967.136
1687039983500.0,26568.7,12.41,26568.8,6.731,26568.8,1967.136
1687039983600.0,26568.7,10.299,26568.8,6.84,26568.8,1967.279
1687039983700.0,26568.7,10.24,26568.8,6.846,26568.7,1969.161
1687039983800.0,26568.7,10.364,26568.8,6.704,26568.8,1969.303
1687039983900.0,26568.7,9.494,26568.8,6.845,26568.7,1970.135
1687039984000.0,26568.7,9.494,26568.8,6.614,26568.7,1970.135
1687039984100.0,26568.7,11.005,26568.8,5.517,26568.8,1970.36
1687039984200.0,26568.7,11.252,26568.8,5.556,26568.8,1970.36
1687039984300.0,26568.7,11.022,26568.8,5.553,26568.8,1970.362
1687039984400.0,26568.7,11.252,26568.8,5.531,26568.8,1970.362
1687039984500.0,26568.7,11.255,26568.8,5.529,26568.8,1970.383
1687039984600.0,26568.7,11.105,26568.8,5.529,26568.8,1970.383
1687039984700.0,26568.7,11.105,26568.8,7.034,26568.8,1970.384
1687039984800.0,26568.7,11.105,26568.8,7.039,26568.8,1970.384
1687039984900.0,26568.7,11.106,26568.8,7.039,26568.8,1970.384
1687039985000.0,26568.7,11.088,26568.8,7.039,26568.8,1970.384
1687039985100.0,26568.7,10.858,26568.8,7.056,26568.8,1970.384
1687039985200.0,26568.7,10.703,26568.8,7.305,26568.8,1970.384
1687039985300.0,26568.7,10.703,26568.8,7.261,26568.8,1970.384
1687039985400.0,26568.7,10.198,26568.8,7.343,26568.8,1970.384
1687039985500.0,26568.7,9.075,26568.8,7.49,26568.8,1970.384
1687039985600.0,26568.7,8.075,26568.8,7.494,26568.7,1970.801
1687039985700.0,26568.7,8.071,26568.8,7.456,26568.7,1970.801
1687039985800.0,26568.7,8.072,26568.8,7.456,26568.7,1970.805
1687039985900.0,26568.7,8.226,26568.8,7.456,26568.7,1970.806
1687039986000.0,26568.7,8.726,26568.8,7.456,26568.7,1970.806
1687039986100.0,26568.7,9.226,26568.8,7.456,26568.7,1970.806
1687039986200.0,26568.7,9.226,26568.8,5.699,26568.7,1970.806
1687039986300.0,26568.7,9.3,26568.8,7.322,26568.7,1970.807
1687039986400.0,26568.7,9.068,26568.8,7.498,26568.7,1970.811
1687039986500.0,26568.7,9.068,26568.8,7.447,26568.7,1970.811
1687039986600.0,26568.7,7.88,26568.8,7.498,26568.8,1970.844
1687039986700.0,26568.7,7.881,26568.8,7.498,26568.8,1970.844
1687039986800.0,26568.7,7.85,26568.8,7.536,26568.8,1970.844
1687039986900.0,26568.7,5.171,26568.8,6.181,26568.7,1970.875
1687039987000.0,26568.7,7.886,26568.8,5.751,26568.8,1972.648
1687039987100.0,26568.7,8.884,26568.8,5.625,26568.8,1972.648
1687039987200.0,26568.7,7.654,26568.8,7.594,26568.8,1972.648
1687039987300.0,26568.7,7.654,26568.8,7.769,26568.7,1972.65
1687039987400.0,26568.7,7.414,26568.8,7.773,26568.7,1972.65
1687039987500.0,26568.7,7.659,26568.8,7.774,26568.7,1972.65
1687039987600.0,26568.7,7.659,26568.8,7.774,26568.7,1972.65
1687039987700.0,26568.7,8.167,26568.8,7.639,26568.8,1972.679
1687039987800.0,26568.7,8.108,26568.8,7.692,26568.7,1972.697
1687039987900.0,26568.7,3.519,26568.8,8.551,26568.7,1976.908
1687039988000.0,26568.7,5.238,26568.8,10.197,26568.7,1976.908
1687039988100.0,26568.7,5.209,26568.8,10.282,26568.7,1979.203
1687039988200.0,26568.7,5.295,26568.8,10.282,26568.7,1979.271
1687039988300.0,26568.7,5.3,26568.8,10.305,26568.7,1979.271
1687039988400.0,26568.7,5.3,26568.8,10.338,26568.7,1979.271
1687039988500.0,26568.7,5.306,26568.8,10.237,26568.7,1979.271
1687039988600.0,26568.7,7.51,26568.8,10.018,26568.8,1979.276
1687039988700.0,26568.7,7.59,26568.8,8.941,26568.8,1979.276
1687039988800.0,26568.7,7.59,26568.8,8.939,26568.8,1979.478
1687039988900.0,26568.7,7.59,26568.8,8.943,26568.8,1979.478
1687039989000.0,26568.7,12.34,26568.8,5.427,26568.8,1979.478
1687039989100.0,26568.7,12.761,26568.8,5.427,26568.7,1979.53
1687039989200.0,26568.7,10.714,26568.8,5.562,26568.8,1979.596
1687039989300.0,26568.7,10.721,26568.8,5.611,26568.7,1981.477
1687039989400.0,26568.7,10.721,26568.8,4.751,26568.7,1981.477
1687039989500.0,26568.7,8.727,26568.8,6.595,26568.8,1982.375
1687039989600.0,26568.7,8.185,26568.8,6.639,26568.7,1982.417
1687039989700.0,26568.7,8.185,26568.8,6.697,26568.7,1982.417
1687039989800.0,26568.7,8.031,26568.8,6.674,26568.7,1982.417
1687039989900.0,26568.7,5.534,26568.8,8.534,26568.8,1982.439
1687039990000.0,26568.7,4.174,26568.8,8.496,26568.7,1982.496
1687039990100.0,26568.7,4.331,26568.8,8.574,26568.7,1982.496
1687039990200.0,26568.7,4.332,26568.8,8.456,26568.7,1982.496
1687039990300.0,26568.7,9.507,26568.8,6.704,26568.7,1982.496
1687039990400.0,26568.7,11.158,26568.8,5.964,26568.7,1982.496
1687039990500.0,26568.7,3.281,26568.8,9.375,26568.7,1982.496
1687039990600.0,26568.7,4.332,26568.8,9.378,26568.7,1982.506
1687039990700.0,26568.7,3.672,26568.8,9.377,26568.8,1982.539
1687039990800.0,26568.7,3.672,26568.8,9.377,26568.7,1982.643
1687039990900.0,26568.7,6.734,26568.8,9.051,26568.7,1982.643
1687039991000.0,26568.7,6.737,26568.8,8.844,26568.8,1982.74
1687039991100.0,26568.7,6.737,26568.8,6.768,26568.8,1982.74
1687039991200.0,26568.7,5.925,26568.8,9.008,26568.7,1982.759
1687039991300.0,26568.7,5.925,26568.8,7.385,26568.7,1982.759
1687039991400.0,26568.7,5.966,26568.8,9.213,26568.7,1982.766
1687039991500.0,26568.7,5.929,26568.8,9.31,26568.7,1982.766
1687039991600.0,26568.7,5.929,26568.8,9.311,26568.7,1982.766
1687039991700.0,26568.7,5.929,26568.8,9.311,26568.7,1982.766
1687039991800.0,26568.7,5.93,26568.8,9.273,26568.7,1982.766
1687039991900.0,26568.7,5.861,26568.8,9.296,26568.7,1982.766
1687039992000.0,26568.7,5.861,26568.8,9.334,26568.7,1982.766
1687039992100.0,26568.7,6.06,26568.8,9.253,26568.8,1982.803
1687039992200.0,26568.7,2.983,26568.8,9.818,26568.8,1982.803
1687039992300.0,26568.7,2.479,26568.8,11.438,26568.7,1984.282
1687039992400.0,26568.7,2.47,26568.8,11.438,26568.7,1984.282
1687039992500.0,26568.7,2.436,26568.8,11.463,26568.7,1984.291
1687039992600.0,26568.7,2.416,26568.8,11.463,26568.7,1984.291
1687039992700.0,26568.7,1.6,26568.8,11.741,26568.7,1984.291
1687039992800.0,26568.7,1.566,26568.8,11.441,26568.7,1984.291
1687039992900.0,26568.7,1.552,26568.8,11.479,26568.7,1984.3
1687039993000.0,26568.7,0.097,26568.8,11.653,26568.7,1984.3
1687039993100.0,26568.4,0.027,26568.5,23.62,26568.5,1984.524
1687039993200.0,26568.4,0.045,26568.5,25.447,26568.5,1984.551
1687039993300.0,26568.4,0.045,26568.5,25.755,26568.5,1984.551
1687039993400.0,26568.4,0.082,26568.5,25.578,26568.4,1984.553
1687039993500.0,26568.4,0.036,26568.5,28.027,26568.4,1984.553
1687039993600.0,26568.4,0.074,26568.5,27.99,26568.4,1984.565
1687039993700.0,26568.4,0.038,26568.5,27.991,26568.5,1984.602
1687039993800.0,26568.4,0.082,26568.5,27.995,26568.5,1984.602
1687039993900.0,26568.4,0.089,26568.5,27.995,26568.5,1984.602
1687039994000.0,26568.4,0.053,26568.5,27.995,26568.5,1984.602
1687039994100.0,26568.4,0.053,26568.5,27.956,26568.5,1984.602
1687039994200.0,26568.4,1.913,26568.5,27.956,26568.5,1984.602
1687039994300.0,26568.4,3.254,26568.5,28.835,26568.5,1984.641
1687039994400.0,26568.4,6.217,26568.5,21.528,26568.5,1984.641
1687039994500.0,26568.4,6.575,26568.5,21.298,26568.5,1984.641
1687039994600.0,26568.4,6.821,26568.5,21.552,26568.4,1984.887
1687039994700.0,26568.4,3.623,26568.5,22.352,26568.4,1985.102
1687039994800.0,26568.4,3.629,26568.5,12.352,26568.4,1985.102
1687039994900.0,26568.4,12.168,26568.5,7.345,26568.4,1985.102
1687039995000.0,26568.4,9.558,26568.5,7.345,26568.5,1995.102
1687039995100.0,26568.4,9.893,26568.5,7.344,26568.5,1995.102
1687039995200.0,26568.4,9.61,26568.5,7.349,26568.4,1995.103
1687039995300.0,26568.4,10.144,26568.5,7.274,26568.4,1995.394
1687039995400.0,26568.4,11.711,26568.5,7.265,26568.4,1995.394
1687039995500.0,26568.4,11.653,26568.5,7.272,26568.5,1995.471
1687039995600.0,26568.4,10.123,26568.5,7.256,26568.5,1995.531
1687039995700.0,26568.4,10.123,26568.5,7.256,26568.4,1995.924
1687039995800.0,26568.4,8.449,26568.5,7.465,26568.4,1995.924
1687039995900.0,26568.4,8.454,26568.5,7.465,26568.4,1997.344
1687039996000.0,26568.4,8.52,26568.5,7.416,26568.5,1997.349
1687039996100.0,26568.4,8.556,26568.5,7.481,26568.5,1997.349
1687039996200.0,26568.4,8.298,26568.5,7.481,26568.4,1997.379
1687039996300.0,26568.4,7.131,26568.5,5.654,26568.4,1997.379
1687039996400.0,26568.4,3.431,26568.5,6.078,26568.5,1999.044
1687039996500.0,26568.4,3.945,26568.5,6.424,26568.4,2003.095
1687039996600.0,26568.4,3.445,26568.5,6.424,26568.4,2003.095
1687039996700.0,26568.4,1.183,26568.5,7.007,26568.4,2003.095
1687039996800.0,26568.4,1.183,26568.5,7.009,26568.4,2003.095
1687039996900.0,26568.4,1.183,26568.5,7.006,26568.4,2003.095
1687039997000.0,26568.4,1.183,26568.5,7.01,26568.4,2003.095
1687039997100.0,26568.4,1.983,26568.5,7.01,26568.4,2003.095
1687039997200.0,26568.4,1.183,26568.5,7.01,26568.4,2003.095
1687039997300.0,26568.4,1.983,26568.5,3.127,26568.4,2003.095
1687039997400.0,26568.4,4.171,26568.5,8.309,26568.4,2003.095
1687039997500.0,26568.4,4.189,26568.5,8.309,26568.4,2003.256
1687039997600.0,26568.4,4.458,26568.5,7.985,26568.4,2003.256
1687039997700.0,26568.4,4.545,26568.5,6.819,26568.4,2003.256
1687039997800.0,26568.4,4.536,26568.5,6.819,26568.5,2003.557
1687039997900.0,26568.4,4.724,26568.5,6.819,26568.5,2003.557
1687039998000.0,26568.4,4.693,26568.5,2.92,26568.4,2003.568
1687039998100.0,26568.4,4.463,26568.5,8.142,26568.4,2003.568
1687039998200.0,26568.4,4.463,26568.5,8.269,26568.4,2003.568
1687039998300.0,26568.4,3.407,26568.5,8.549,26568.5,2003.962
1687039998400.0,26568.4,2.9,26568.5,6.968,26568.4,2004.646
1687039998500.0,26568.4,6.242,26568.5,7.965,26568.5,2006.646
1687039998600.0,26568.4,6.035,26568.5,8.072,26568.5,2006.646
1687039998700.0,26568.4,6.035,26568.5,7.941,26568.5,2006.824
1687039998800.0,26568.4,6.035,26568.5,7.943,26568.5,2006.824
1687039998900.0,26568.4,6.035,26568.5,7.92,26568.5,2006.824
1687039999000.0,26568.4,6.026,26568.5,7.921,26568.5,2006.824
1687039999100.0,26568.4,10.019,26568.5,7.934,26568.4,2006.842
1687039999200.0,26568.4,10.021,26568.5,7.937,26568.4,2007.103
1687039999300.0,26568.4,9.337,26568.5,7.838,26568.4,2007.493
1687039999400.0,26568.4,9.334,26568.5,7.838,26568.4,2007.507
1687039999500.0,26568.4,9.654,26568.5,7.637,26568.4,2007.507
1687039999600.0,26568.4,9.654,26568.5,6.944,26568.5,2007.708
1687039999700.0,26568.4,9.612,26568.5,6.735,26568.5,2007.708
1687039999800.0,26568.4,10.059,26568.5,6.926,26568.5,2008.508
1687039999900.0,26568.4,10.914,26568.5,6.926,26568.4,2008.515
1687040000000.0,26568.4,10.888,26568.5,6.829,26568.5,2008.532
1687040000100.0,26568.4,10.891,26568.5,6.828,26568.4,2008.544
1687040000200.0,26568.4,10.891,26568.5,6.828,26568.5,2008.545
1687040000300.0,26568.4,11.123,26568.5,6.828,26568.5,2008.545
1687040000400.0,26568.4,11.13,26568.5,4.68,26568.4,2008.552
1687040000500.0,26568.4,11.359,26568.5,7.081,26568.5,2008.584
1687040000600.0,26568.4,11.754,26568.5,7.1,26568.5,2008.585
1687040000700.0,26568.4,11.801,26568.5,7.1,26568.5,2008.585
1687040000800.0,26568.4,11.646,26568.5,7.095,26568.4,2008.772
1687040000900.0,26568.4,11.636,26568.5,7.095,26568.4,2008.772
1687040001000.0,26568.4,11.647,26568.5,7.095,26568.4,2008.772
1687040001100.0,26568.4,11.647,26568.5,7.1,26568.4,2008.772
1687040001200.0,26568.4,11.377,26568.5,8.727,26568.4,2008.772
1687040001300.0,26568.4,13.822,26568.5,4.234,26568.4,2008.772
1687040001400.0,26568.4,13.936,26568.5,4.193,26568.5,2012.652
1687040001500.0,26568.4,13.936,26568.5,4.198,26568.5,2012.652
1687040001600.0,26568.4,13.936,26568.5,3.951,26568.4,2012.685
1687040001700.0,26568.4,13.936,26568.5,4.919,26568.5,2012.931
1687040001800.0,26568.4,13.473,26568.5,5.033,26568.5,2012.931
1687040001900.0,26568.4,12.529,26568.5,5.034,26568.4,2013.428
1687040002000.0,26568.4,12.237,26568.5,6.545,26568.4,2013.428
1687040002100.0,26568.4,10.123,26568.5,6.689,26568.4,2013.428
1687040002200.0,26568.4,8.956,26568.5,7.001,26568.4,2013.72
1687040002300.0,26568.4,7.757,26568.5,4.524,26568.4,2013.72
1687040002400.0,26568.4,7.409,26568.5,9.38,26568.4,2013.72
1687040002500.0,26568.4,7.559,26568.5,9.38,26568.4,2013.72
1687040002600.0,26568.4,8.372,26568.5,9.375,26568.4,2013.72
1687040002700.0,26568.4,8.372,26568.5,9.38,26568.4,2013.72
1687040002800.0,26568.4,8.898,26568.5,9.38,26568.4,2013.72
1687040002900.0,26568.4,8.898,26568.5,9.373,26568.4,2013.72
1687040003000.0,26568.4,8.898,26568.5,9.35,26568.4,2013.72
1687040003100.0,26568.4,9.377,26568.5,9.351,26568.4,2013.72
1687040003200.0,26568.4,9.411,26568.5,9.361,26568.5,2013.752
1687040003300.0,26568.4,9.386,26568.5,9.185,26568.4,2013.754
1687040003400.0,26568.4,9.416,26568.5,9.185,26568.5,2013.841
1687040003500.0,26568.4,10.425,26568.5,9.271,26568.5,2013.841
1687040003600.0,26568.4,10.425,26568.5,9.273,26568.5,2013.841
1687040003700.0,26568.4,10.425,26568.5,8.961,26568.5,2013.841
1687040003800.0,26568.4,10.426,26568.5,9.39,26568.5,2013.841
1687040003900.0,26568.4,10.426,26568.5,9.308,26568.5,2013.841
1687040004000.0,26568.4,10.455,26568.5,9.286,26568.5,2013.841
1687040004100.0,26568.4,11.021,26568.5,9.2,26568.5,2013.939
1687040004200.0,26568.4,11.047,26568.5,5.18,26568.5,2013.939
1687040004300.0,26568.4,11.047,26568.5,9.199,26568.5,2013.939
1687040004400.0,26568.4,11.047,26568.5,9.194,26568.5,2013.941
1687040004500.0,26568.4,11.045,26568.5,9.317,26568.4,2013.943
1687040004600.0,26568.4,11.045,26568.5,9.301,26568.4,2013.943
1687040004700.0,26568.4,12.127,26568.5,9.296,26568.4,2013.943
1687040004800.0,26568.4,12.373,26568.5,9.362,26568.4,2013.943
1687040004900.0,26568.4,11.246,26568.5,9.432,26568.4,2013.99
1687040005000.0,26568.4,11.249,26568.5,9.437,26568.4,2013.99
1687040005100.0,26568.4,11.241,26568.5,9.437,26568.4,2013.99
1687040005200.0,26568.4,10.719,26568.5,9.437,26568.4,2013.99
1687040005300.0,26568.4,10.452,26568.5,9.123,26568.4,2013.99
1687040005400.0,26568.4,10.452,26568.5,5.664,26568.4,2013.99
1687040005500.0,26568.4,8.616,26568.5,9.729,26568.4,2014.027
1687040005600.0,26568.4,8.616,26568.5,9.727,26568.4,2014.045
1687040005700.0,26568.4,8.615,26568.5,9.727,26568.5,2014.047
1687040005800.0,26568.4,8.631,26568.5,9.727,26568.5,2014.047
1687040005900.0,26568.4,8.532,26568.5,9.727,26568.5,2014.047
1687040006000.0,26568.4,8.768,26568.5,9.727,26568.5,2014.047
1687040006100.0,26568.4,8.535,26568.5,9.638,26568.4,2014.146
1687040006200.0,26568.4,8.582,26568.5,9.671,26568.4,2014.146
1687040006300.0,26568.4,10.05,26568.5,9.551,26568.4,2014.146
1687040006400.0,26568.4,10.047,26568.5,9.65,26568.4,2014.146
1687040006500.0,26568.4,10.182,26568.5,9.65,26568.4,2014.148
1687040006600.0,26568.4,10.182,26568.5,9.136,26568.4,2014.148
1687040006700.0,26568.4,10.182,26568.5,9.131,26568.4,2014.148
1687040006800.0,26568.4,10.137,26568.5,9.037,26568.5,2014.662
1687040006900.0,26568.4,10.139,26568.5,9.037,26568.5,2014.662
1687040007000.0,26568.4,10.138,26568.5,8.404,26568.4,2014.895
1687040007100.0,26568.4,10.138,26568.5,8.408,26568.4,2014.895
1687040007200.0,26568.4,10.204,26568.5,6.791,26568.5,2015.523
1687040007300.0,26568.4,10.2,26568.5,6.79,26568.5,2015.57
1687040007400.0,26568.4,10.2,26568.5,7.598,26568.5,2015.57
1687040007500.0,26568.4,10.2,26568.5,7.597,26568.5,2015.57
1687040007600.0,26568.4,10.199,26568.5,7.597,26568.5,2015.57
1687040007700.0,26568.4,10.199,26568.5,7.597,26568.4,2015.571
1687040007800.0,26568.4,10.201,26568.5,7.688,26568.4,2015.571
1687040007900.0,26568.4,10.205,26568.5,7.693,26568.5,2015.572
1687040008000.0,26568.4,10.192,26568.5,7.706,26568.5,2015.572
1687040008100.0,26568.4,11.043,26568.5,7.716,26568.4,2015.584
1687040008200.0,26568.4,11.011,26568.5,7.715,26568.4,2015.584
1687040008300.0,26568.4,11.011,26568.5,7.565,26568.5,2015.735
1687040008400.0,26568.4,11.011,26568.5,7.522,26568.5,2015.773
1687040008500.0,26568.4,10.196,26568.5,7.527,26568.5,2015.773
1687040008600.0,26568.4,9.863,26568.5,7.623,26568.5,2016.958
1687040008700.0,26568.4,9.863,26568.5,7.622,26568.5,2016.958
1687040008800.0,26568.4,9.863,26568.5,7.622,26568.5,2016.959
1687040008900.0,26568.4,9.299,26568.5,7.859,26568.5,2016.959
1687040009000.0,26568.4,9.299,26568.5,7.757,26568.4,2017.534
1687040009100.0,26568.4,9.299,26568.5,7.762,26568.4,2017.534
1687040009200.0,26568.4,9.587,26568.5,7.762,26568.4,2017.534
1687040009300.0,26568.4,9.6,26568.5,7.69,26568.4,2017.536
1687040009400.0,26568.4,9.6,26568.5,7.691,26568.4,2017.536
1687040009500.0,26568.4,9.6,26568.5,7.67,26568.4,2017.536
1687040009600.0,26568.4,9.6,26568.5,7.67,26568.5,2017.557
1687040009700.0,26568.4,9.364,26568.5,8.47,26568.5,2017.557
1687040009800.0,26568.4,9.364,26568.5,8.567,26568.4,2017.563
1687040009900.0,26568.4,9.364,26568.5,8.492,26568.5,2017.745
1687040010000.0,26568.4,9.364,26568.5,8.481,26568.5,2017.745
1687040010100.0,26568.4,9.289,26568.5,8.213,26568.5,2017.745
1687040010200.0,26568.4,9.382,26568.5,8.215,26568.4,2017.831
1687040010300.0,26568.4,9.371,26568.5,8.215,26568.4,2017.831
1687040010400.0,26568.4,9.343,26568.5,8.275,26568.4,2017.831
1687040010500.0,26568.4,9.364,26568.5,8.276,26568.4,2017.831
1687040010600.0,26568.4,9.364,26568.5,9.883,26568.4,2017.842
1687040010700.0,26568.4,2.011,26568.5,10.803,26568.4,2017.842
1687040010800.0,26568.4,1.681,26568.5,12.853,26568.4,2022.873
1687040010900.0,26568.4,1.221,26568.5,12.901,26568.5,2022.876
1687040011000.0,26568.4,1.225,26568.5,13.394,26568.4,2023.356
1687040011100.0,26568.4,5.448,26568.5,7.38,26568.4,2023.356
1687040011200.0,26568.4,5.052,26568.5,6.985,26568.5,2033.356
1687040011300.0,26568.4,4.042,26568.5,6.685,26568.5,2033.356
1687040011400.0,26568.4,4.498,26568.5,6.687,26568.5,2033.828
1687040011500.0,26568.4,4.498,26568.5,6.688,26568.5,2033.828
1687040011600.0,26568.4,4.498,26568.5,6.688,26568.5,2033.829
1687040011700.0,26568.4,4.498,26568.5,6.619,26568.5,2033.829
1687040011800.0,26568.4,4.498,26568.5,6.625,26568.5,2033.893
1687040011900.0,26568.4,4.378,26568.5,6.625,26568.5,2033.893
1687040012000.0,26568.4,4.051,26568.5,6.625,26568.5,2033.893
1687040012100.0,26568.4,4.135,26568.5,6.766,26568.4,2034.014
1687040012200.0,26568.4,4.184,26568.5,6.767,26568.4,2034.121
1687040012300.0,26568.4,3.128,26568.5,6.761,26568.5,2034.127
1687040012400.0,26568.4,1.632,26568.5,7.053,26568.5,2034.127
1687040012500.0,26568.4,1.632,26568.5,6.837,26568.4,2034.136
1687040012600.0,26568.4,1.503,26568.5,6.952,26568.4,2034.136
1687040012700.0,26568.4,1.169,26568.5,6.839,26568.4,2034.395
1687040012800.0,26568.4,1.17,26568.5,6.952,26568.4,2034.395
1687040012900.0,26568.4,1.172,26568.5,5.817,26568.4,2034.855
1687040013000.0,26568.4,1.136,26568.5,5.877,26568.4,2034.855
1687040013100.0,26568.4,1.136,26568.5,6.024,26568.4,2034.855
1687040013200.0,26568.4,2.079,26568.5,6.024,26568.4,2034.855
1687040013300.0,26568.4,2.082,26568.5,5.969,26568.5,2034.904
1687040013400.0,26568.4,0.922,26568.5,6.191,26568.5,2034.904
1687040013500.0,26568.4,0.922,26568.5,6.333,26568.5,2034.904
1687040013600.0,26568.4,0.924,26568.5,6.334,26568.5,2034.948
1687040013700.0,26568.4,0.889,26568.5,6.336,26568.5,2034.948
1687040013800.0,26568.4,2.2,26568.5,6.336,26568.4,2034.983
1687040013900.0,26568.4,2.014,26568.5,6.336,26568.4,2034.983
1687040014000.0,26568.4,2.134,26568.5,6.336,26568.4,2034.983
1687040014100.0,26568.4,2.15,26568.5,6.336,26568.4,2034.983
1687040014200.0,26568.4,3.322,26568.5,6.224,26568.4,2034.983
1687040014300.0,26568.4,3.611,26568.5,6.187,26568.4,2034.984
1687040014400.0,26568.4,2.569,26568.5,6.187,26568.4,2034.984
1687040014500.0,26568.4,2.209,26568.5,6.187,26568.4,2035.226
1687040014600.0,26568.4,2.194,26568.5,6.187,26568.4,2035.226
1687040014700.0,26568.4,2.194,26568.5,6.428,26568.4,2035.226
1687040014800.0,26568.4,2.194,26568.5,6.428,26568.4,2035.241
1687040014900.0,26568.4,2.197,26568.5,6.428,26568.4,2035.241
1687040015000.0,26568.4,2.997,26568.5,6.428,26568.4,2035.241
1687040015100.0,26568.4,3.375,26568.5,6.284,26568.4,2035.241
1687040015200.0,26568.4,3.476,26568.5,6.055,26568.5,2035.395
1687040015300.0,26568.4,3.351,26568.5,6.123,26568.5,2036.395
1687040015400.0,26568.4,3.351,26568.5,6.197,26568.4,2036.411
1687040015500.0,26568.4,2.192,26568.5,6.979,26568.4,2036.411
1687040015600.0,26568.4,2.192,26568.5,7.133,26568.4,2036.411
1687040015700.0,26568.4,2.192,26568.5,5.976,26568.4,2036.411
1687040015800.0,26568.4,3.241,26568.5,7.371,26568.5,2036.415
1687040015900.0,26568.4,4.196,26568.5,7.371,26568.5,2036.415
1687040016000.0,26568.4,4.188,26568.5,7.31,26568.5,2036.415
1687040016100.0,26568.4,4.188,26568.5,7.417,26568.4,2036.622
1687040016200.0,26568.4,4.292,26568.5,7.417,26568.4,2036.622
1687040016300.0,26568.4,4.292,26568.5,6.681,26568.4,2036.622
1687040016400.0,26568.4,4.085,26568.5,7.401,26568.4,2036.622
1687040016500.0,26568.4,4.085,26568.5,7.401,26568.4,2036.796
1687040016600.0,26568.4,4.087,26568.5,7.434,26568.4,2036.828
1687040016700.0,26568.4,4.087,26568.5,7.401,26568.4,2036.828
1687040016800.0,26568.4,4.088,26568.5,7.401,26568.4,2036.828
1687040016900.0,26568.4,4.089,26568.5,7.395,26568.4,2036.828
1687040017000.0,26568.4,4.089,26568.5,7.395,26568.5,2036.834
1687040017100.0,26568.4,5.056,26568.5,7.379,26568.5,2036.85
1687040017200.0,26568.4,4.948,26568.5,7.378,26568.5,2036.85
1687040017300.0,26568.4,5.098,26568.5,7.781,26568.4,2037.075
1687040017400.0,26568.4,5.098,26568.5,7.93,26568.5,2037.18
1687040017500.0,26568.4,5.032,26568.5,7.931,26568.4,2037.217
1687040017600.0,26568.4,4.798,26568.5,7.931,26568.4,2037.217
1687040017700.0,26568.4,3.498,26568.5,7.931,26568.4,2037.217
1687040017800.0,26568.4,2.891,26568.5,7.964,26568.4,2037.227
1687040017900.0,26568.4,1.936,26568.5,7.964,26568.4,2037.227
1687040018000.0,26568.4,2.736,26568.5,7.964,26568.4,2037.227
1687040018100.0,26568.4,2.736,26568.5,8.184,26568.4,2037.227
1687040018200.0,26568.4,1.343,26568.5,6.715,26568.5,2037.279
1687040018300.0,26568.4,1.94,26568.5,8.01,26568.4,2038.045
1687040018400.0,26568.4,1.94,26568.5,8.175,26568.4,2038.045
1687040018500.0,26568.4,1.075,26568.5,8.309,26568.4,2038.045
1687040018600.0,26568.4,1.012,26568.5,8.307,26568.4,2038.045
1687040018700.0,26568.4,1.015,26568.5,8.307,26568.4,2038.045
1687040018800.0,26568.4,1.015,26568.5,8.307,26568.5,2038.047
1687040018900.0,26568.4,1.017,26568.5,8.306,26568.5,2038.048
1687040019000.0,26568.4,0.769,26568.5,8.306,26568.5,2038.048
1687040019100.0,26568.4,0.769,26568.5,6.996,26568.5,2038.048
1687040019200.0,26568.4,0.895,26568.5,9.366,26568.5,2038.048
1687040019300.0,26568.4,1.071,26568.5,9.441,26568.5,2038.049
1687040019400.0,26568.4,1.071,26568.5,9.441,26568.4,2038.066
1687040019500.0,26568.4,1.071,26568.5,9.442,26568.4,2038.066
1687040019600.0,26568.4,2.104,26568.5,9.274,26568.4,2038.12
1687040019700.0,26568.4,2.105,26568.5,9.274,26568.4,2038.12
1687040019800.0,26568.4,2.083,26568.5,9.274,26568.4,2038.12
1687040019900.0,26568.4,2.135,26568.5,9.274,26568.4,2038.12
1687040020000.0,26568.4,2.123,26568.5,9.274,26568.4,2038.12
1687040020100.0,26568.4,2.134,26568.5,9.274,26568.4,2038.12
1687040020200.0,26568.4,2.098,26568.5,9.274,26568.4,2038.12
1687040020300.0,26568.4,2.133,26568.5,9.274,26568.4,2038.12
1687040020400.0,26568.4,2.133,26568.5,9.036,26568.4,2038.12
1687040020500.0,26568.4,2.012,26568.5,9.413,26568.4,2038.12
1687040020600.0,26568.4,2.374,26568.5,9.641,26568.4,2038.178
1687040020700.0,26568.4,2.374,26568.5,7.664,26568.4,2038.178
1687040020800.0,26568.4,2.374,26568.5,7.665,26568.4,2038.178
1687040020900.0,26568.4,3.298,26568.5,7.532,26568.5,2040.165
1687040021000.0,26568.4,3.424,26568.5,6.748,26568.4,2040.384
1687040021100.0,26568.4,4.566,26568.5,6.619,26568.5,2040.481
1687040021200.0,26568.4,4.566,26568.5,6.254,26568.5,2040.481
1687040021300.0,26568.4,4.571,26568.5,6.615,26568.5,2040.481
1687040021400.0,26568.4,4.555,26568.5,5.332,26568.5,2040.481
1687040021500.0,26568.4,4.518,26568.5,6.852,26568.5,2040.481
1687040021600.0,26568.4,4.518,26568.5,6.855,26568.5,2040.481
1687040021700.0,26568.4,3.855,26568.5,6.853,26568.5,2040.481
1687040021800.0,26568.4,2.383,26568.5,7.154,26568.4,2040.518
1687040021900.0,26568.4,2.382,26568.5,7.154,26568.4,2040.518
1687040022000.0,26568.4,2.299,26568.5,6.997,26568.4,2040.603
1687040022100.0,26568.4,2.247,26568.5,6.989,26568.4,2040.603
1687040022200.0,26568.4,2.273,26568.5,6.991,26568.5,2040.611
1687040022300.0,26568.4,2.341,26568.5,6.866,26568.5,2040.799
1687040022400.0,26568.4,3.017,26568.5,6.913,26568.4,2040.89
1687040022500.0,26568.4,2.554,26568.5,6.913,26568.4,2040.89
1687040022600.0,26568.4,1.542,26568.5,6.913,26568.4,2040.89
1687040022700.0,26568.4,1.572,26568.5,6.913,26568.4,2040.89
1687040022800.0,26568.4,2.44,26568.5,6.915,26568.4,2042.194
1687040022900.0,26568.4,2.438,26568.5,7.072,26568.4,2042.194
1687040023000.0,26568.4,2.438,26568.5,6.915,26568.4,2042.197
1687040023100.0,26568.4,2.438,26568.5,6.916,26568.4,2042.2
1687040023200.0,26568.4,2.47,26568.5,6.935,26568.5,2042.209
1687040023300.0,26568.4,2.936,26568.5,6.935,26568.5,2042.209
1687040023400.0,26568.4,2.941,26568.5,6.929,26568.4,2042.25
1687040023500.0,26568.4,1.398,26568.5,6.929,26568.5,2042.256
1687040023600.0,26568.4,1.778,26568.5,7.088,26568.4,2043.799
1687040023700.0,26568.4,1.735,26568.5,7.088,26568.4,2043.799
1687040023800.0,26568.4,1.704,26568.5,7.155,26568.5,2043.849
1687040023900.0,26568.4,1.746,26568.5,6.364,26568.5,2044.64
1687040024000.0,26568.4,1.747,26568.5,6.209,26568.5,2044.64
1687040024100.0,26568.4,1.749,26568.5,6.209,26568.4,2044.641
1687040024200.0,26568.4,1.646,26568.5,6.207,26568.4,2044.641
1687040024300.0,26568.4,1.728,26568.5,6.327,26568.4,2044.641
1687040024400.0,26568.4,1.696,26568.5,6.321,26568.5,2044.66
1687040024500.0,26568.4,1.704,26568.5,6.258,26568.4,2044.692
1687040024600.0,26568.4,1.706,26568.5,6.258,26568.5,2044.755
1687040024700.0,26568.4,1.669,26568.5,6.141,26568.4,2044.792
1687040024800.0,26568.4,1.669,26568.5,5.921,26568.4,2044.792
1687040024900.0,26568.4,1.733,26568.5,5.921,26568.4,2044.792
1687040025000.0,26568.4,2.911,26568.5,5.921,26568.5,2045.012
1687040025100.0,26568.4,3.382,26568.5,5.424,26568.4,2045.015
1687040025200.0,26568.4,4.216,26568.5,6.41,26568.4,2045.015
1687040025300.0,26568.4,2.896,26568.5,6.799,26568.5,2045.51
1687040025400.0,26568.4,2.859,26568.5,6.378,26568.4,2045.698
1687040025500.0,26568.4,2.789,26568.5,6.836,26568.4,2045.698
1687040025600.0,26568.4,2.789,26568.5,6.836,26568.4,2045.748
1687040025700.0,26568.4,2.605,26568.5,6.837,26568.4,2045.748
1687040025800.0,26568.4,1.614,26568.5,6.837,26568.4,2045.768
1687040025900.0,26568.4,1.839,26568.5,6.519,26568.4,2045.768
1687040026000.0,26568.4,2.151,26568.5,7.519,26568.5,2046.086
1687040026100.0,26568.4,2.12,26568.5,7.519,26568.5,2046.086
1687040026200.0,26568.4,2.055,26568.5,7.519,26568.5,2046.086
1687040026300.0,26568.4,1.783,26568.5,7.51,26568.4,2046.218
1687040026400.0,26568.4,2.313,26568.5,5.992,26568.4,2046.218
1687040026500.0,26568.4,2.313,26568.5,7.575,26568.4,2046.218
1687040026600.0,26568.4,2.314,26568.5,7.566,26568.4,2046.218
1687040026700.0,26568.4,2.316,26568.5,7.399,26568.5,2046.227
1687040026800.0,26568.4,2.316,26568.5,7.399,26568.5,2046.394
1687040026900.0,26568.4,2.311,26568.5,7.399,26568.4,2046.4
1687040027000.0,26568.4,2.411,26568.5,7.399,26568.4,2046.4
1687040027100.0,26568.4,4.621,26568.5,7.068,26568.4,2046.4
1687040027200.0,26568.4,4.864,26568.5,7.056,26568.4,2046.4
1687040027300.0,26568.4,4.865,26568.5,6.854,26568.4,2046.42
1687040027400.0,26568.4,4.9,26568.5,7.041,26568.5,2046.629
1687040027500.0,26568.4,3.414,26568.5,7.372,26568.4,2046.742
1687040027600.0,26568.4,2.29,26568.5,7.358,26568.4,2046.742
1687040027700.0,26568.4,2.29,26568.5,7.358,26568.5,2046.756
